3392 5142
513 614 1149 728 PRAEFATIO.

334 785 416 891 coit
434 781 575 869 addere
590 785 712 883 locum
730 785 943 888 Ciceronis,
970 788 1076 875 Bam.
1096 790 1127 873 Ι
1126 790 1157 873 Ι
1156 792 1189 875 Ι.
1209 798 1245 879 8.
1268 783 1342 874 nbi

334 903 369 984 h·
388 898 555 1012 defimili
564 898 680 1008 plane
696 905 844 1007 negotio
859 902 920 983 ita
925 903 1094 1008 scribit:
1112 905 1195 1011 Qui
1205 932 1270 989 me
1291 906 1339 991 in

327 1010 472 1113 castra,
503 1028 544 1096 et
559 1010 625 1121 qui
644 1030 748 1095 trans
766 1010 946 1102 Taurum
959 1022 1135 1129 persequi
1151 1046 1236 1103 non
1246 1015 1340 1128 pos·

332 1128 428 1212 sent.
462 1124 584 1240 'Quid
597 1126 699 1238 qood
711 1122 782 1238 ipse
801 1125 1018 1237 Bentlcjns,
1040 1136 1113 1243 qni
1126 1142 1255 1216 tamen
1263 1130 1338 1238 set·

332 1254 466 1341 ictor,
484 1243 532 1349 Je
548 1259 701 1324 textum
720 1239 825 1325 mille
848 1241 945 1325 locis
973 1240 1211 1347 immutasse,
1240 1241 1342 1331 illud

331 1355 566 1466 persequens
594 1377 659 1439 nec
683 1358 877 1454 neotaoit,
908 1382 974 1441 nec
989 1356 1241 1465 sollicitavit?
1272 1358 1337 1442 A·

331 1471 387 1556 lia
408 1470 474 1553 ool
483 1464 639 1577 ejusdem
655 1472 833 1574 generis,
861 1471 928 1554 vel
953 1472 1096 1556 lenione
1121 1476 1266 1575 etiam,
1291 1482 1333 1558 et

332 1583 599 1690 rnagicjeynna
615 1583 737 1662 mitto.
1137 1662 1139 1667 ,
1328 1600 1330 1605 ·

272 1788 277 1795 ,
338 1720 341 1727 ·
388 1694 460 1778 Ad
478 1686 693 1799 institutam
710 1691 831 1776 redeo.
868 1693 975 1777 Dum
997 1699 1139 1784 Plauto
1168 1700 1337 1811 undique

333 1824 434 1920 opem
454 1828 624 1917 quaero,
654 1802 743 1887 daco
767 1809 791 1889 d
816 1806 1052 1891 Bibliotheca
1073 1815 1186 1920 regia
1213 1815 1337 1897 Pari-

321 1921 435 2034 stenft
449 1917 649 2003 etaliande
660 1918 776 2028 plora
787 1919 957 2032 Jnhstdia
974 1919 1162 2032 exspolio,
1183 1941 1330 2009 novam

333 2035 431 2119 hanc
454 2034 631 2116 Terentii
648 2031 845 2116 editionem
866 2032 1021 2116 adorno.
1056 2037 1338 2122 Commentario

322 2146 440 2259 facili
458 2148 647 2258 alpiano,
674 2144 1106 2259 Scholaramqaenstbns
1125 2151 1250 2254 magis
1268 2178 1336 2234 ac·

333 2260 569 2349 commodato.
630 2260 851 2346 Variarnm
878 2257 1097 2346 Leldionom
1116 2259 1213 2343 nihil
1225 2262 1337 2347 addi·
1379 2338 1381 2367 ,

332 2377 395 2476 di,
426 2402 472 2458 ne
491 2376 647 2459 illarnm
664 2372 835 2485 qnidam,
864 2398 1020 2486 qoasex
1030 2370 1120 2456 MS.
1143 2373 1337 2460 Codichl-

333 2485 541 2600 lostriffimi
554 2488 754 2601 -Villerfii‚
782 2485 1064 2599 Archiepiscopi
1090 2487 1334 2601 Vienncnsts‚¹
1379 2562 1380 2567 i

327 2601 455 2719 postea
470 2598 642 2711 Jo'ohlegi²
672 2626 787 2714 qnam
807 2606 983 2712 priorem
1008 2602 1112 2699 illam
1129 2601 1335 2687 'editionem

334 2723 375 2804 in
392 2719 508 2803 lmern
524 2716 739 2822 coeciseram5
756 2729 794 2797 et
809 2720 879 2826 qni
892 2715 1015 2799 Codex
1031 2735 1079 2799 cot
1102 2716 1240 2799 Galliis
1245 2720 1337 2826 pri⁶

331 2854 434 2916 mom
454 2833 495 2915 in
512 2830 708 2929 Daniam,
738 2828 823 2913 inde
845 2832 886 2913 in
912 2830 1106 2937 Belgicam
1122 2826 1336 2930 translatas
1379 2860 1380 2877 ¹

298 3020 301 3029 .
324 2961 403 3058 per
422 2948 539 3028 otiam
556 2946 671 3055 prins
688 2941 715 3027 d
734 2969 791 3025 me
802 2942 1082 3053 perlustratus,
1106 2934 1188 3055 poll
1212 2947 1254 3026 in
1275 2947 1336 3026 in⁴

318 3053 576 3171 stroldcffima
591 3053 816 3169 stepellcllilc
842 3056 1097 3142 Bibliothecae
1122 3053 1336 3168 Holfianae

330 3171 549 3260 divenditus
571 3169 634 3280 est.
691 3173 739 3256 In
758 3168 923 3255 Indicam
939 3185 1106 3282 practer·
1124 3172 1349 3277 elegantiae·
1379 3218 1381 3279 p

339 3290 597 3372 Terentianae
626 3285 725 3370 nihil
744 3301 885 3370 temere
912 3288 1042 3369 retuli.
1083 3283 1235 3368 'Dehinc
1258 3284 1336 3366 ‘Co-
1379 3294 1381 3309 ’

333 3405 428 3487 rorico
468 3399 856 3508 Uoochranhsecioas
889 3401 940 3483 ah
962 3401 1037 3484 alio
1069 3423 1142 3479 non
1173 3399 1336 3482 ncircorit

334 3514 478 3603 laboris
494 3529 624 3626 opere,
653 3530 770 3626 atque
789 3515 983 3624 Gymnafii
999 3510 1157 3617 regendi
1174 3537 1337 3594 tannero

335 3624 492 3716 horulas
509 3624 639 3711 dicabo
648 3649 665 3723 3
696 3654 835 3739 nepae,
854 3624 895 3738 st
921 3626 1026 3708 Bam
1054 3627 1179 3713 oitam
1206 3638 1244 3705 et
1271 3628 1337 3707 vi-

336 3739 624 3853 ressoffecerit,
654 3741 765 3826 donec
792 3755 1000 3851 otrrcmqnc
1023 3735 1241 3849 perfecero,
1272 3739 1338 3820 de·

324 3856 465 3970 stnaocc.
530 3854 593 3939 To
618 3857 731 3958 nale,
760 3850 933 3956 Lellor‚
974 3866 1013 3938 et
1047 3850 1243 3937 conatihns
1269 3878 1338 3935 no-

327 3966 550 4081 lhissaoe.
651 4074 654 4079 Ι

1066 4068 1069 4075 ’
1219 4134 1342 4223 Po.
