3392 5142
416 625 486 711 572
722 606 1167 705 Eunucri'us„
1320 660 1323 665 -

342 799 349 821 ,
415 723 557 831 Neque
577 740 622 801 tu
643 716 756 802 istttm
777 742 930 804 metuas
949 748 1000 804 ne
1014 741 1119 806 amet
1131 718 1296 805 mulier:
1326 722 1430 808 facili
1464 716 1469 797 ,’

551 828 692 944 pelias,
721 830 789 914 ubi
802 831 912 916 velis.
1388 863 1432 939 50

416 942 497 1028 Pl.
527 943 639 1054 Quid
651 949 822 1054 agimus?
880 942 957 1027 Gn.
983 946 1186 1036 Praeterea
1201 946 1285 1029 hoc
1299 955 1431 1043 etium,

551 1055 660 1164 quod
675 1083 749 1166 ego
766 1054 832 1140 vel
849 1064 1017 1169 primum
1031 1079 1150 1170 poto:

419 1167 793 1392 Accipigrlffiiltlrsem
817 1179 936 1253 nemo
952 1166 1092 1253 melius
1106 1170 1285 1282 prorsus,·
1314 1194 1437 1284 neque

543 1406 1208 1481 ·DONATUS.

414 1518 593 1572 ruinartus
625 1515 655 1565 et
670 1513 811 1581 caetera,
840 1520 920 1584 quae
944 1499 1006 1581 ipse
1030 1502 1237 1583 persequitur.¹
1299 1503 1327 1567 F
1328 1516 1433 1566 nruut

411 1603 497 1653 uer,
519 1594 700 1662 minusue]
729 1583 818 1648 Haec
836 1586 915 1648 b'ene
939 1583 1121 1650 adduntur:
1152 1585 1227 1668 quia
1246 1583 1354 1665 dixit,
1386 1583 1434 1650 Er

374 1716 380 1725 .
411 1682 522 1734 tratur
546 1680 644 1745 ouon
676 1681 766 1744 our,
797 1682 839 1729 ar
860 1683 930 1730 our
952 1681 1046 1731 nuno
1065 1668 1255 1752 tuncrus]-
1291 1667 1347 1731 Ad
1365 1686 1430 1732 rem

412 1770 484 1815 eant
497 1751 618 1812 valebat
637 1792 647 1823 ‚
677 1762 712 1810 ut
729 1765 884 1811 amaretur
901 1751 991 1813 miles
1007 1770 1025 1813 a
1043 1747 1224 1828 meretrice,
1253 1765 1286 1814 et
1305 1768 1433 1833 praepo-

411 1833 534 1896 nendut
555 1830 702 1892 omnibus
722 1827 812 1894 effer:
837 1831 892 1894 sed'
906 1833 1024 1915 ingrata
1041 1832 1113 1895 sunt
1132 1834 1316 1896 mulieribus
1325 1855 1341 1915 ‚·
1367 1853 1430 1898 tna·

411 1911 702 1998 impietatum,
726 1914 919 1975 haecomnia
933 1912 1157 1996 quaesubjicit.·
1203 1914 1340 1978 Furuus
1350 1930 1424 1996 Etr,

413 1994 597 2078 insuetum]
626 1993 701 2057 Hoc
717 2011 774 2073 pro
792 2014 907 2056 acervo
923 1997 1091 2074 vitiorum,
1123 2016 1194 2059 curn
1210 1998 1345 2093 quadam
1357 1999 1432 2060 vul·

412 2096 464 2145 tut
480 2079 677 2164 improbitate
692 2082 851 2156 prolatum
870 2078 930 2155 est,
952 2096 1017 2161 quo
1036 2081 1132 2164 magis
1152 2097 1200 2141 res
1217 2099 1250 2141 m
1266 2078 1368 2142 medio
1379 2098 1433 2160 po·

413 2161 543 2228 fitaeiic
558 2160 705 2222 videatur.
750 2157 929 2240 Tirone]
949 2161 986 2223 ln
1001 2160 1308 2224 Veneremscilicet.
1340 2162 1431 2224 Turb

410 2256 503 2325 out]
527 2243 672 2322 Corpore
692 2255 722 2305 et
739 2241 908 2306 membris:
932 2261 1125 2325 quamquam
1141 2257 1172 2306 et
1190 2241 1356 2308 intellebiu
1370 2261 1430 2307 tar·

409 2331 458 2393 dos
472 2343 644 2402 vocamus,
664 2325 718 2407 qui
735 2322 816 2386 iiulti
833 2322 916 2387 sunt.
958 2323 1019 2388 Sed
1036 2324 1207 2389 meliorest
1225 2324 1267 2388 fic
1285 2323 1430 2410 intelligis

412 2427 448 2474 ut
463 2432 499 2475 ea
518 2409 589 2471 vitia
607 2407 745 2470 videatur
762 2406 865 2468 dicere
882 2443 892 2474 2
922 2425 1002 2489 quae
1017 2405 1218 2472 inamabilem
1238 2408 1358 2471 faciant
1374 2411 1429 2471 eti·

412 2512 466 2559 am
480 2493 609 2558 divitem
617 2518 630 2558 ‚2
651 2495 695 2553 lar
718 2507 835 2570 umque
845 2505 1027 2574 amatorem.
1071 2487 1162 2553 Na'm
1175 2493 1430 2554 autverbacom·

294 2590 298 2594 '
410 2577 580 2640 mendant:
604 2587 657 2649 ut,
681 2510 849 2658 ssendetque
866 2574 973 2635 iterum
988 2575 1176 2636 narrantisab
1190 2596 1247 2637 ore.
1297 2573 1361 2637 Hic
1376 2588 1431 2635 fn·

411 2674 506 2728 uuus.
528 2656 596 2720 Aut
604 2653 750 2733 sapientia
758 2653 978 2733 gratumfacitr
988 2654 1143 2731 ut‚-Multa
1152 2656 1212 2717 viri
1219 2657 1430 2719 virtasanimot

411 2742 477 2805 Hic
495 2752 644 2802 1Nsuusus
660 2735 711 2797 est.
754 2735 814 2802 Sed
839 2733 921 2797 mihi
939 2738 1059 2799 videtur
1070 2737 1192 2815 satum
1207 2736 1340 2807 dicere,
1377 2737 1429 2817 qui

411 2838 537 2887 tantum
554 2818 729 2907 glorietur,
761 2831 791 2878 et
813 2814 942 2886 blandiri
959 2817 1077 2881 amicae
1092 2817 1217 2881 nesciat.
1270 2820 1432 2904 insatiam,¹

412 2906 548 2988 quinon
565 2902 658 2966 facile
675 2900 807 2980 explicet
826 2900 983 2963 Venerem
1002 2918 1017 2962 t
1044 2918 1124 2979 quae
1149 2917 1197 2962 res
1213 2902 1428 2969 meretricibus

411 2984 520 3053 odiosa
536 2984 587 3048 est.
629 2981 803 3126 suenoni]
828 2980 904 3045 Plus
923 2982 999 3046 dixit
1015 3002 1112 3065 quam
1128 2983 1244 3046 dormit.
1270 2982 1432 3047 Νοοτιὶς-Ι

409 3084 479 3153 Qru
498 3085 540 3132 ur
559 3067 662 3151 oran]
687 3065 763 3129 Plus
792 3061 950 3148 ignificat‚
971 3083 1067 3148 quam
1084 3064 1107 3135 fi
1124 3065 1259 3142 diceret,
1280 3069 1381 3131 diebus
1397 3082 1426 3129 et

409 3156 568 3219 noeeibus:
596 3164 630 3212 ut
655 3158 715 3211 noc
733 3146 799 3226 ipso
818 3149 948 3210 nomine
965 3144 1128 3210 confiliarii
1146 3143 1315 3212 audioritas
1335 3145 1429 3213 incise

408 3239 559 3303 videatur.
601 3230 873 3310 5o.Uu1vnurs.]
898 3229 1037 3310 Quando
1053 3234 1104 3292 vel
1115 3247 1226 3309 quum.
1272 3231 1430 3309 51.Q11o

408 3314 584 3395 moturum]
616 3313 749 3379 initium
766 3310 1010 3391 consenfionis,
1040 3311 1192 3375 dubitatio
1218 3312 1261 3375 est
1285 3313 1427 3396 ejusqui

408 3399 578 3492 negaverit.
620 3396 701 3462 Hoc
718 3406 865 3474 arram]
890 3395 997 3476 Deest,
1018 3398 1068 3456 vel
1084 3397 1167 3473 abest.
1202 3394 1309 3476 Quot>
1326 3405 1426 3472 uno]

407 3486 561 3554 Paralitus
583 3478 711 3543 scilicet.
754 3468 898 3541 rnnun
916 3491 1011 3539 euro.
1063 3477 1195 3537 Primum
1214 3494 1287 3562 puto
1308 3512 1319 3547 ,
1343 3477 1427 3561 quafi

403 3570 564 3656 pmfitus.
609 3581 659 3642 52.
682 3561 834 3624 Accnrr
848 3573 1020 3621 uonrnan.
1062 3557 1240 3626 Aecum,
1255 3557 1429 3641 pascit,in·

593 3638 1243 3709 COMMENTARIUS.

312 3765 316 3775 ·
403 3757 453 3801 ut,
474 3731 556 3796 Catil.
566 3741 610 3799 27.
621 3727 688 3786 Dies
697 3722 845 3801 audiesque
847 3723 981 3794 festinare.

508 3809 664 3870 Accipio]
681 3798 837 3858 Luciliusin
848 3798 1042 3858 Centonibtlar'
1163 3869 1166 3874 Ι

555 3873 785 3936 Puiclminvlrati
796 3873 875 3930 nimis
887 3915 897 3945 ,
916 3876 1069 3951 acceptique
1078 3870 1191 3949 benigne.

398 3963 527 4030 Plautus,
546 3955 640 4020 Pseud.
650 3958 685 4013 V.
698 3972 722 4010 1.
733 3969 762 4027 9.
785 3951 923 4029 ltaque'in
939 3948 1086 4020 locosessivo
1096 3946 1410 4029 sumussefliveaccepti.

354 4034 356 4041 ’
397 4041 517 4099 Cicero,
537 4041 596 4095 Art.
612 4032 686 4090 XVI.
697 4031 724 4088 6.
746 4024 794 4082 Ubi
814 4027 919 4107 quidem
924 4025 1037 4100 faisant
1045 4025 1153 4084 libenter
1173 4029 1244 4101 apud
1252 4025 1370 4084 Talnam
1380 4044 1423 4081 aa·

300 4140 303 4147 ·
389 4115 495 4190 lirum
515 4107 636 4186 arepoiui
649 4103 755 4183 accipi,
776 4101 818 4159 iilo
834 4104 939 4179 absenti
953 4103 1120 4178 praesertin,
1140 4102 1282 4164 liberalius.
1325 4102 1420 4164 Ovidi·

342 4212 346 4216 ’
393 4209 443 4259 nt,
465 4189 530 4250 rate
540 4191 575 4248 11.
585 4184 649 4261 715.
676 4180 754 4242 Socios
771 4179 931 4262 dapibusque
942 4198 1061 4264 meroque
1078 4181 1193 4260 Accipit.
1351 4179 1420 4237 Pau·
