3392 5142
321 600 391 696 &8
628 592 1008 669 Eunuchum

320 713 506 826 Virgine?
533 704 611 814 Py.
631 712 701 787 lta.
729 724 861 787 utrum
874 723 1099 795 taceamne,
1131 700 1345 815 anpraedh

459 831 570 908 cem?
599 817 708 901 Dor.
736 818 805 897 Tu
821 812 912 927 pol,
945 809 1111 927 srsapis‚

323 935 449 1053 Quod
462 933 555 1028 scis,
585 925 729 1022 nescis,
760 951 889 1037 neque
904 924 953 1009 de
970 924 1184 1018 Eunucho,
1216 952 1347 1035 neque

361 1062 368 1071 ”
457 1048 508 1153 de
521 1050 623 1135 vitio
640 1046 810 1153 virginis.
1106 1062 1111 1069 ·
1258 1064 1344 1235 H55

1200 1214 1202 1219 -
1304 1174 1347 1231 ac

583 1262 619 1333 D
660 1263 693 1329 Ο
735 1260 773 1327 N
816 1265 848 1329 A
891 1260 924 1327 T
968 1262 1006 1331 U
1048 1258 1082 1326 S.

323 1370 367 1437 est
383 1370 561 1449 egroraorohiq
574 1366 614 1432 ad
630 1365 776 1443 futurum
793 1365 913 1429 exitum
929 1362 1061 1427 fabulae.
1107 1360 1200 1427 Nam
1216 1360 1296 1427 dum
1316 1360 1346 1441 se

323 1452 483 1519 ulciscitur
503 1450 646 1535 Pythias,
669 1447 706 1510 fit
721 1442 873 1521 indicium
891 1445 968 1527 patri
984 1446 1161 1525 Chaereae,
1184 1460 1215 1511 et
1227 1447 1344 1509 confir·

324 1548 452 1609 mantnt
467 1535 603 1615 nuptiae.
664 1548 715 1608 54.
738 1528 875 1611 Urnun
895 1542 1108 1607 rhenanus,
1132 1540 1181 1588 nn
1202 1542 1344 1594 rancur-

322 1616 438 1701 cmri]
464 1618 611 1679 Tertium
627 1612 771 1684 copiam:
793 1609 931 1674 abundat
949 1612 1034 1674 euim
1051 1624 1105 1672 aut
1133 1624 1273 1692 urhun,
1295 1624 1346 1673 aut

323 1714 387 1763 aa:
411 1712 464 1763 aut
481 1713 565 1760 certe
580 1698 643 1761 iro'c
662 1696 717 1766 fit,
740 1708 775 1757 ut
800 1694 836 1757 fit
863 1693 885 1757 ii
909 1712 965 1757 ura
990 1695 1089 1760 vniver-
1132 1690 1190 1767 Tu
1211 1709 1292 1763 rou,
1316 1708 1345 1753 ει

327 1796 438 1861 anns,
457 1792 556 1859 quon
578 1772 668 1846 icus,
691 1778 838 1859 nescia]
902 1795 945 1839 on
957 1774 1118 1855 poffumus
1130 1774 1249 1839 nescire
1258 1775 1343 1855 quod

325 1860 454 1927 scimus.
499 1860 558 1925 Sed
583 1861 644 1928 ita,
667 1874 701 1923 ut
718 1858 879 1922 Concordia
892 1856 1007 1940 discors.¹
1059 1858 1101 1921 Et
1119 1856 1269 1943 Vr'gitius,

471 1942 664 2035 Sequiturque
672 1944 851 2029 sequentem.
1203 1938 1206 1945 '

329 2020 487 2094 Tutor,
510 2028 541 2087 si
562 2038 681 2101 aaran·
694 2037 791 2105 ouon
812 2032 1062 2103 scaniensem]
1088 2022 1350 2091 videamur20ur

329 2102 413 2187 nolit
439 2109 542 2173 Po'e'ta
562 2106 601 2171 de
629 2102 707 2181 vitio
727 2103 852 2189 virginis
883 2104 1039 2169 continuo
1068 2104 1145 2167 scire
1172 2102 1349 2191 Thaidemt

328 2206 498 2259 utrumne
517 2188 689 2271 improviso
705 2192 792 2258 malo
810 2186 1022 2250 vehementius
1040 2204 1302 2257 commoveatur,
1314 2206 1350 2271 ac

329 2270 463 2337 doleat?
491 2290 532 2335 au
553 2287 589 2335 ut
615 2290 652 2335 ex
674 2268 813 2353 ejusdem
839 2270 966 2354 virginis
994 2271 1098 2333 habitu
1121 2276 1279 2353 vultuque
1293 2270 1349 2347 iiio

329 2352 534 2438 cognoscat?
566 2355 654 2438 quod
674 2354 715 2417 eti
736 2350 904 2437 aciuofius.
947 2355 1030 2422 An,
1062 2351 1148 2437 quod
1166 2354 1350 2432 proximum

327 2456 405 2501 vero
427 2435 491 2515 est,
513 2449 549 2499 ut
568 2439 656 2511 iliam
672 2452 702 2497 et
718 2432 841 2502 Thais,
866 2450 896 2499 et
922 2435 1037 2516 frater,
1060 2437 1240 2518 ignorantes
1264 2435 1352 2497 vitia-

330 2532 417 2598 tam,
439 2518 609 2581 animosius
629 2515 773 2581 adversus
803 2518 936 2580 militem
963 2518 1157 2594 defendant,
1182 2518 1351 2600 repetitum

329 2620 401 2675 eam
416 2600 614 2677 venientem,
636 2618 711 2663 curn
729 2614 818 2661 tanto
837 2597 958 2677 strepitu
979 2618 1016 2662 ac
1033 2598 1151 2662 minis?
1175 2597 1266 2662 Nam
1286 2618 1352 2681 quo

330 2702 386 2747 ore
402 2682 557 2762 praeterea
571 2682 687 2747 diceret
707 2681 801 2743 Thais
818 2680 999 2749 Chremeti,
1021 2681 1059 2743 de
1086 2681 1203 2743 sorotis
1231 2684 1352 2763 pudore

253 2784 257 2793 ·
332 2763 493 2833 sollicito,
514 2762 658 2827 Enucrn
680 2778 739 2825 aar
759 2778 817 2825 ιτΑ
836 2778 894 2825 uri
916 2774 1026 2840 reque
1047 2780 1121 2826 tucn
1148 2780 1192 2824 uu
1213 2778 1353 2828 uranum

332 2834 411 2909 risa:
435 2845 561 2908 fisciret
580 2864 650 2907 cam
665 2845 818 2930 virginem
835 2864 902 2909 non
919 2842 1001 2909 eise?
1063 2866 1112 2925 55.
1170 2861 1245 2908 uon
1268 2861 1356 2927 scis,

330 2938 474 3008 Nescia]
501 2926 600 2991 Unde
617 2927 649 2989 in
666 2928 839 3005 l-ieautmrt.
881 2928 1002 3009 Nescius
1024 2928 1100 3017 quod
1112 2933 1174 3011 scis
1187 2976 1197 3009 ,
1212 2926 1247 3005 fi
1259 2931 1349 3015 sapis.

332 3008 375 3074 Et
391 3011 452 3073 hoc
469 3008 510 3073 est
529 3008 616 3093 quod
630 3010 770 3087 mitrae»
785 3010 907 3073 dicitur.
927 3012 931 3023 '
951 3010 1058 3091 Quou
1080 3026 1150 3093 scus
1170 3056 1181 3089 ‚
1205 3022 1350 3091 nasein]

331 3090 530 3155 Proverbiaie
551 3090 613 3170 eii,
635 3108 667 3155 et
689 3098 828 3155 multum
852 3092 932 3172 apud
956 3091 1142 3157 dialeffrcos
1161 3090 1351 3158 traciarumt

330 3188 386 3252 ut,
409 3172 513 3252 Facio,
534 3190 564 3247 et
580 3186 635 3253 non
645 3175 744 3255 facio:
768 3188 798 3251 et
817 3173 937 3238 Amicus
938 3177 1036 3317 ¹staur,
1057 3192 1087 3239 et
1110 3198 1165 3239 non
1189 3180 1280 3259 sm:
1302 3187 1356 3245 et,

329 3254 443 3331 Audio,
467 3258 671 3318 etnrnaudr'o:
687 3270 718 3319 et
728 3259 934 3334 caeterahuju
952 3254 1047 3320 modi.
1076 3255 1353 3341 Dammana]

327 3339 408 3419 Quis
434 3336 555 3399 fuerit.¹
593 3332 647 3397 De
666 3335 871 3422 Eumene]
904 3338 1001 3420 Quod
1029 3338 1170 3402 Chaerea
1197 3338 1262 3418 nt,
1285 3354 1354 3403 non

334 3420 520 3487 Eunuchus.
557 3415 612 3479 Dr
627 3424 721 3481 inno
738 3422 922 3505 urrunnu]
944 3420 1041 3500 Qod
1055 3421 1125 3502 jam
1141 3419 1255 3485 mulier
1273 3418 1355 3511 fade

488 3514 1242 3611 COMMENTARIUS.'

243 3687 246 3691 ,
308 3658 312 3670 ·
375 3654 419 3710 34„
437 3637 554 3694 urrann
572 3652 761 3721 racanhnu,
779 3646 1044 3707 annumerant]
1065 3638 1269 3717 leavirgffiur,
1287 3642 1356 3699 Aen.

336 3712 600 3846 ξὲἰνξγηηξὲοᾶιὲἷῖ
619 3712 785 3789 anfalcum!
823 3714 958 3775 Ovidius,
983 3716 1061 3774 Pont
1080 3716 1127 3772 IV.
1144 3730 1169 3787 3.
1189 3732 1213 3773 ι.
1234 3720 1311 3823 ςιιςι

371 3868 418 3921 ‘su
437 3878 518 3931 roc,
547 3883 573 3921 ει
591 3878 688 3930 sarrs,
712 3882 794 3932 Qrou
812 3877 889 3930 serr,
918 3870 1041 3932 nancta]
1063 3864 1100 3922 H.
1120 3882 1145 3922 e.
1164 3859 1312 3923 Diiiimula
1328 3878 1356 3923 ta

336 3936 589 4017 scircidquodscis
641 3936 1043 4005 ttaPlnnus‚ntil.11.6,88.
1197 3950 1201 3955 '
1240 4000 1242 4007 ,

490 4012 695 4084 Naeraharcie,
707 4010 944 4089 Jieriiamnt,
964 4012 1247 4091 linguameomprimr'

488 4090 615 4173 Postdate
634 4089 810 4163 eriaruruud,
834 4089 1005 4171 quodtnes,
1022 4090 1179 4155 nesciverit.
1232 4100 1236 4110 '
1265 4166 1284 4223 6
1315 4157 1324 4175 .
