3392 5142
497 639 728 712 Acvus
779 637 807 708 Ι.
859 636 1085 711 Scene
1136 588 1164 709 Ι.
1292 667 1365 741 597

324 746 396 819 Mt.
421 743 504 820 Sine
519 734 576 820 me
592 747 751 820 vacivom
768 766 906 845 tempus
923 771 966 817 ne
989 745 1083 844 quod
1102 746 1198 820 duim
1223 750 1309 822 mihi

324 839 484 914 Laboris.
533 845 593 914 Ob.
613 843 701 915 Non
723 839 851 934 finam,
876 846 1027 939 inquam.
1077 845 1146 917 Me.
1161 842 1238 916 Ah!
1267 845 1358 919 Non

466 961 615 1034 aequum
628 935 721 1009 facis.
787 972 790 977 ·
912 950 916 963 ·
1351 996 1353 1005 .

324 1032 388 1105 ch.
413 1032 512 1125 Hui,
535 1053 606 1106 tam
622 1055 741 1128 graves
757 1033 840 1126 hos,
865 1033 1024 1130 quaeso?
1073 1037 1143 1109 Me.
1169 1034 1229 1109 Sic
1255 1038 1358 1108 meri·

397 1198 405 1207 ,
469 1149 546 1201 tuin
562 1130 604 1201 ’st
618 1150 748 1200 meum.
1153 1221 1157 1225 Ι
1308 1156 1356 1225 40

328 1223 391 1295 Ch.
402 1223 514 1296 Nunc
522 1225 671 1322 loquere.
692 1223 761 1295 Me.
771 1222 898 1295 Filium
910 1225 1052 1296 unicum
1062 1224 1353 1298 adolescentulum

327 1317 468 1393 Habeo.
478 1319 569 1486 Caii!
606 1319 690 1417 quid
720 1319 793 1392 dixi
818 1319 941 1392 habere
965 1320 1049 1392 me?
1084 1323 1193 1393 immo
1220 1321 1326 1394 habui
1343 1365 1358 1415 ,-

540 1438 657 1488 reme:
771 1474 778 1483 .
1223 1436 1224 1440 ’

329 1510 444 1585 Nunc
460 1510 622 1604 habeam,
647 1535 773 1605 necne,
800 1511 968 1585 incertum
992 1511 1051 1585 est.
1102 1511 1162 1584 ch:
1192 1509 1291 1600 Qud
1308 1516 1356 1586 ita
1438 1568 1442 1573 -

329 1668 332 1675 .
377 1660 392 1695 ¹.
474 1605 586 1679 istuc?
633 1611 704 1683 Me.
724 1608 827 1681 Scies.

329 1701 396 1777 Est
410 1700 622 1775 e-Corintho
639 1705 696 1775 hic
712 1703 840 1776 advena
854 1727 934 1775 anus
950 1704 1157 1803 paupercula
1173 1730 1182 1776 ε

330 1798 418 1894 Ejus
433 1797 540 1870 filiani
560 1798 616 1870 ille
632 1823 743 1872 amare
759 1800 875 1896 coepit
892 1800 1043 1894 perdite,
1305 1823 1353 1897 45

329 1894 528 1993 Propejam
546 1913 586 1965 ut
600 1919 666 1992 pro
680 1919 789 1967 uxore
799 1894 949 1967 haberet.
974 1897 1057 1969 hacc
1067 1896 1154 1971 clam
1164 1901 1354 1969 meomnia.

332 1988 410 2083 Ubi
426 2012 497 2063 rem
514 1988 650 2081 rescivi,
675 1994 775 2088 coepi
792 2014 862 2061 non
879 1991 1097 2083 humanitus,
1310 2002 1315 2015 “

584 2112 1116 2179 CALPHURNIUS.

334 2215 443 2281 lebnte
462 2212 633 2277 conficere.
678 2212 841 2274 interdum
859 2237 894 2275 ne
910 2213 1005 2276 labora
1024 2214 1191 2296 fignificat,
1217 2229 1354 2287 necuit,
1465 2236 1470 2247 ¹

334 2296 543 2363 noli-curare.
595 2312 648 2375 40.
672 2292 760 2357 Nou
783 2310 910 2374 nunni,
934 2297 1113 2377 mquam]
1147 2293 1236 2355 Haec
1259 2294 1357 2374 magis

333 2380 419 2465 gestu
434 2376 663 2460 exprimuntur.
706 2389 760 2456 402
786 2377 876 2455 Hui,
899 2394 973 2440 *riu
995 2387 1154 2454 cunvun]
1181 2374 1358 2455 Apofiope·

335 2462 395 2525 sis:
421 2475 451 2524 et
460 2461 624 2524 admiratio
645 2459 788 2540 ponderis
800 2460 968 2524 rastrorum
976 2497 986 2530 ‚
1010 2464 1121 2545 quinus
1138 2459 1228 2521 senex
1251 2455 1359 2526 utitur.

337 2544 475 2624 *Hu1„]
501 2542 681 2607 Miserantis
692 2544 882 2606 exclamatio
893 2543 946 2605 est.
988 2564 1040 2626 45.
1072 2543 1251 2618 Plinium]
1277 2539 1362 2602 Bene

294 2662 298 2673 ·
335 2642 493 2691 renuite.
518 2645 592 2688 nam
604 2627 736 2710 perditus
752 2627 812 2703 est,
834 2625 936 2709 quiin
963 2646 1061 2688 omne
1087 2625 1187 2687 scelus
1208 2624 1249 2685 est
1268 2624 1361 2685 tradi-

336 2726 401 2777 tus.
442 2714 459 2748 *
482 2709 663 2792 Pinum]
689 2707 902 2787 Adverbium‚
923 2707 945 2769 i.
965 2730 991 2772 e.
1012 2709 1122 2773 misere
1141 2723 1171 2770 et
1197 2707 1290 2769 nimis
1308 2726 1361 2769 ve·

520 2825 1205 2903 COMMENTAR1U3.·

302 2948 306 2955 ·
379 2935 424 3002 38.
442 2929 613 2990 vinnon]
641 2926 784 2993 Vacuum,
808 2924 946 2991 otiosum,
974 2921 1105 2992 iva-xime.
1146 2923 1275 2990 Picenus,
1295 2926 1361 2980 Bae-

340 3004 412 3063 chid.
425 3007 447 3062 l.
464 3019 489 3061 2.
504 3001 549 3074 46.
579 2998 671 3055 Valens
688 2998 792 3077 afflieitt
809 3017 850 3054 me
867 3000 994 3057 vacivum
1011 2999 1119 3056 virium.
1173 2997 1310 3054 Phaedrus
1327 3000 1361 3053 V.

340 3080 414 3139 Ptol.
441 3096 481 3150 14.
503 3084 643 3156 Quartum
652 3075 768 3136 libellum
784 3079 848 3133 dum
858 3076 954 3134 vacive
964 3073 1075 3151 perleges.
1116 3075 1150 3129 H.
1161 3092 1184 3128 e.
1207 3071 1305 3128 otiose.
1316 3090 1367 3149 pet

343 3156 442 3214 otium.
472 3156 542 3214 Vide
560 3151 704 3209 Cibum.

381 3247 425 3301 40.
445 3234 526 3302 Hui,
544 3245 613 3288 tun
634 3246 754 3286 GRAVES
772 3246 828 3286 nos
837 3267 846 3296 ,
859 3245 977 3294 Qiinso
990 3232 1019 3293 ἒ]
1040 3224 1159 3283 Subaudi
1172 3263 1180 3290 ‚
1191 3223 1302 3280 Rastros
1311 3237 1366 3276 tra-

343 3304 416 3367 stas:
437 3308 514 3387 quod
532 3303 670 3383 adpositos
687 3307 703 3360 :i
722 3319 794 3359 terra
811 3302 931 3359 allevans
942 3302 1010 3359 dixit
1026 3303 1167 3358 Chremes.
1209 3297 1337 3367 Virgilius
1354 3333 1364 3360 ,

344 3385 449 3460 Georg.
457 3387 479 3442 1.
493 3383 552 3453 164.
573 3376 875 3459 Iniqutpondererastri.
897 3376 1035 3444 Ovidius,
1056 3382 1169 3432 Metam.
1180 3377 1230 3430 XI.
1241 3371 1282 3446 36.
1302 3378 1365 3423 sar-

341 3457 469 3537 culaque,
483 3458 610 3533 rastrique
621 3476 737 3532 graves,
759 3453 879 3534 longique
888 3452 989 3526 ligones.

379 3550 427 3603 42.
451 3536 537 3591 inno
554 3537 674 3596 annun]
701 3528 976 3589 infaustumverbum
993 3525 1029 3582 est
1045 3541 1151 3582 univi.
1190 3520 1274 3579 Unde
1286 3519 1364 3600 Piau·
1392 3545 1396 3550 ·

342 3622 405 3679 tus,
425 3608 497 3673 Rud.
509 3611 542 3665 V.
554 3624 579 3660 2·
592 3621 632 3676 34
654 3606 781 3679 Miserum
791 3608 852 3676 istuc
863 3605 972 3661 verbum
990 3617 1013 3656 et
1024 3596 1152 3672 peffimam
1162 3595 1194 3664 esi
1205 3639 1213 3665 ,
1234 3593 1367 3679 habui-lie,

343 3696 369 3741 et
378 3682 445 3742 nihii
456 3682 555 3740 habere.
592 3684 712 3748 Seneca,
734 3685 871 3739 Controv.
883 3685 931 3737 iv.
949 3679 992 3734 28.
1018 3678 1106 3733 Habui
1112 3674 1200 3746 filiam
1211 3674 1241 3726 de
1250 3686 1367 3725 omnitut

344 3758 430 3831 meis‘,
449 3757 559 3826 Habui,
578 3755 724 3814 dicendum.
765 3759 876 3814 Tacitus
898 3756 994 3812 Annei.
1016 3755 1079 3808 xii.
1102 3772 1145 3824 37.
1169 3749 1260 3808 Habui
1276 3763 1370 3822 equos,

347 3836 437 3910 viros,
458 3851 537 3891 arma
546 3875 553 3902 ,
564 3849 625 3911 opti.

383 3910 429 3981 46.
450 3912 551 3967 Pnouu
566 3927 623 3986 Jinu
643 3927 683 3965 ur
700 3925 757 3964 nuo
776 3925 879 3963 uxone
897 3907 1063 3966 uicinum]
1085 3899 1208 3957 ItaAnd.
1225 3901 1247 3955 1.
1269 3911 1368 3979 ¹·.¹¹9·

345 3985 368 4042 Ι.
381 4001 406 4058 ς.
427 3989 470 4056 38.
511 3985 675 4052 Suetonius,
696 3985 813 4058 Ner.38.
831 3981 969 4036 Seducium
979 3979 1015 4032 ad
1026 3977 1054 4049 je
1063 3995 1113 4052 pro
1124 3993 1209 4030 uxore
1220 3971 1323 4029 habuit.

386 4077 433 4133 47.
456 4058 529 4118 Nou
544 4065 754 4126 multumve]
786 4062 819 4131 H.
840 4077 863 4114 e.
889 4056 993 4128 duriter
1011 4070 1037 4108 et
1055 4048 1243 4116 inclementer.
1285 4043 1373 4117 Quod

346 4153 415 4196 mox
434 4133 531 4207 dicet,
559 4156 595 4200 VI
612 4154 649 4199 ΒΤ
668 4151 725 4197 νυ.
744 4148 951 4266 mutiendum
978 4144 1112 4189 vnuuuui.
1152 4124 1284 4186 Nunnius
1302 4128 1395 4249 Mas,

849 4225 867 4281 p
891 4224 903 4277 3
1320 4212 1384 4251 ce··
