3392 5142
481 595 1146 674 AcnusI.ScuunI.
1254 628 1377 704 μς,

285 707 1244 902 Μίηἱωοεΐιηεςιιὲαεῑαιιίιιίο,αεςιιαιιῑίηιιεαεε
1268 751 1322 820 30

289 823 638 923 Etneteafflieies.
666 823 709 904 P
741 822 1032 909 ‚Itanesuadesi
1058 826 1235 913 Pusisa
1263 834 1341 917 is:'

287 938 449 1053 Neque,
480 958 755 1053 praeterquam
782 916 915 1046 quasi
944 935 1107 1022 seramor
1121 860 1318 1031 moleiras

285 1054 444 1150 Habet,
464 1051 602 1145 addas:
632 1075 673 1131 et
688 1047 792 1139 illas.
809 1076 908 1160 quas
917 965 1063 1146 inber,
1082 1055 1190 1137 rcere
1205 1062 1317 1145 feras,

283 1168 363 1251 Sed
383 1194 475 1250 ecca
502 1173 514 1246 i
544 1160 581 1245 sa
595 1163 813 1277 egreditur,
845 1160 967 1245 nostri
982 1164 1093 1247 fundi
1108 1165 1318 1258 calamitas.

285 1283 390 1365 Nam
418 1193 542 1389 quoi
556 1302 632 1361 nos
660 1303 798 1391 capere
827 1297 1024 1391 oportet,
1049 1278 1167 1362 ¹haec
1201 1287 1321 1367 inter-

430 1397 539 1511 cipit.
1270 1424 1321 1500 35
1355 1434 1363 1453 =
1453 1358 1468 1437 3

471 1534 1081 1665 'nouarua

329 1732 380 1799 31.
406 1713 445 1780 St
466 1712 593 1796 suern]
627 1709 663 1774 ld
680 1709 752 1781 est,
784 1708 930 1791 sisapias.
958 1709 997 1774 ad
1019 1708 1169 1777 inferiora
1182 1715 1323 1802 jungeri·

286 1799 368 1864 dum
391 1799 452 1862 est:
476 1815 551 1860 nam
567 1794 657 1858 aliter
675 1812 743 1856 non
760 1794 959 1878 intelligitur.

329 1899 379 1965 34.
404 1881 549 1946 Nosrnr
572 1890 675 1940 aanor
699 1887 934 1958 crunnum]
969 1875 1100 1959 Proprie
1120 1881 1319 1955 calamitatem

285 1963 393 2027 ruliiei
422 1961 608 2050 grandinem
625 1962 763 2030 dicunt,
796 1960 885 2043 quod
911 1963 1111 2026 comminuat
1130 1970 1322 2050 calamum,

286 2051 351 2111 hoe
371 2045 432 2128 est,
458 2051 605 2111 culmum
624 2063 661 2107 ae
682 2041 830 2129 segetem.

330 2148 381 2213 35.
405 2128 635 2212 iuratorum]
668 2124 818 2209 Proprie,
851 2128 937 2210 quali
955 2143 1065 2215 totum
1081 2130 1173 2209 capit.
1195 2130 1326 2215 Plautus

289 2213 325 2277 in
341 2215 535 2293 Aulularia,
931 2214 933 2219 '
1377 2218 1380 2223 '

346 2310 348 2315 '
414 2299 498 2383 Quae
514 2294 588 2359 mihi
607 2293 780 2358 interbibere
791 2293 874 2376 seia,
889 2291 922 2371 fi
938 2297 1149 2379 amusement,

411 2377 648 2461 Corinthiensem
658 2378 773 2457 fenerem
790 2393 820 2440 er
836 2377 1025 2463 Pyrenaeum
1038 2380 1140 2466 potest.

447 2520 1169 2613 COMMENTARIUS.

288 2680 344 2740 lara
364 2682 462 2752 abiis,
484 2685 533 2764 qui
542 2683 572 2740 in
580 2680 701 2739 hostium
708 2680 875 2760 potestatem
883 2698 1029 2742 venerunt.

328 2768 372 2832 34.
394 2759 515 2818 Nosrar
532 2775 634 2817 ruunt
653 2763 855 2824 ortmann]
879 2756 1022 2835 Allegoria
1040 2754 1082 2814 ele
1102 2774 1159 2814 ans.
1199 2760 1336 2827 Amator,

289 2833 607 2903 autemsundusdistus,
627 2832 794 2911 quodinstar
802 2831 1081 2912 fruetuoliisrmiprae
1104 2830 1249 2911 ”plurima
1257 2832 1320 2893 fun'·

286 2908 374 2966 deret.
414 2909 541 2977 Plautus,
559 2911 644 2965 Truc.
654 2912 687 2967 V.
703 2924 730 2968 2.
741 2926 784 2984 15.
807 2908 879 2969 Seius
889 2907 1028 2984 summum
1044 2905 1123 2963 nabar
1137 2906 1179 2963 hic
1187 2909 1258 2982 apud
1266 2930 1319 2967 nos.

290 2991 373 3041 Nunc
383 2983 447 3054 isesi
458 2984 559 3045 fimdus
569 2981 650 3041 nobis.
687 2986 795 3042 Donati
810 2986 1070 3064 interpretationem
1080 2983 1156 3043 vocis
1172 2985 1323 3045 calamitas

287 3076 389 3133 contra
404 3061 549 3118 Nannium
565 3099 575 3127 ,
609 3060 668 3133 angi
686 3062 730 3122 eir
744 3062 914 3129 munuum,
935 3059 1036 3130 idest,
1057 3057 1091 3117 de
1112 3058 1206 3130 locusta
1223 3065 1323 3142 accipi-

288 3150 403 3203 entem,
425 3151 519 3192 tuetur
534 3135 559 3210 J.
577 3138 618 3192 Fr.
636 3134 815 3205 Gronovius,
836 3135 953 3196 Observ.
964 3136 1053 3210 111.9.

326 3228 370 3284 35.
390 3212 537 3279 carran]
560 3209 676 3271 Rediens
686 3209 823 3269 annuiseu
833 3210 1030 3288 vestigalium,
1050 3210 1096 3268 seu
1102 3210 1267 3341 patrimonii
1275 3231 1320 3270 rua

283 3284 1321 3438 lll‘lllll‘ll‘l‘aPinniillllil.³·sillll55lil1lll‘.

284 3442 410 3499 Gramm.
421 3454 497 3515 c.a3.
520 3434 860 3514 Nersuffirerersumtibur,
879 3454 1034 3517 quanquam
1049 3457 1081 3498 rr
1093 3438 1185 3515 [cirria
1201 3438 1321 3516 quadru-
1412 3508 1416 3515 η

286 3533 456 3596 genaunnuu
471 3531 591 3595 caperer.

326 3598 532 3660 tumueram]
562 3586 651 3667 Quod
670 3591 779 3669 capitur
793 3590 954 3672 priusquam
971 3612 1006 3649 eo
1017 3610 1075 3670 quo
1086 3590 1252 3649 destinatum
1260 3606 1320 3649 erat

289 3668 470 3747 pervenerit,
520 3671 615 3744 roprle
631 3666 748 3741 intercipi
766 3668 876 3728 dicitur.
893 3743 897 3752 Ι
917 3667 1046 3736 Plautus,
1067 3664 1161 3724 Pseud.
1171 3666 1209 3723 11.
1225 3682 1254 3737 4
1273 3668 1321 3727 26.

288 3744 429 3819 Epistulam
444 3687 605 3800 modiliana
625 3745 768 3821 intercepi.
810 3742 948 3814 Ovidrus,
969 3749 1083 3800 Metam.
1102 3742 1181 3799 vlu.
1199 3752 1263 3813 290.
1278 3742 1324 3799 De

289 3840 376 3898 apro:
397 3826 517 3878 Cererem
531 3819 561 3877 in
570 3820 806 3898 spicisintercipir.
846 3821 881 3877 Et
898 3818 989 3887 rursus
1008 3817 1115 3887 deine,
1134 3812 1324 3899 meva
1447 3886 1449 3891 Ι

291 3912 324 3963 11
332 3917 366 3961 1..
377 3908 503 3976 spemque
510 3898 689 3978 interceperit
702 3894 781 3969 unni.
