3392 5142
449 610 665 693 Actus
714 602 1133 680 V.Scuuan.
1215 632 1296 710 -537
1415 602 1421 619 '

276 719 540 811 Carissimum,
558 714 606 800 ab
620 723 826 800 meretrice
839 742 953 799 avara
980 723 1173 830 virginem
1274 753 1296 829 5

279 840 414 949 Quam
429 829 611 937 amabat,
644 833 900 913 eamconfeci
924 824 1004 912 srne
1020 831 1216 932 molestia,

275 954 368 1032 Sine
383 946 556 1058 sumptu,
569 937 650 1026 srne
665 938 889 1055 dispendi03
921 961 1005 1026 tum
1019 941 1099 1027 hoc
1113 946 1297 1047 alterum,

276 1061 323 1147 Id
338 1087 434 1146 vero
451 1056 527 1149 est,
560 1055 669 1164 quod
683 1082 757 1167 ego
771 1055 870 1137 mihi
882 1076 980 1166 puto
995 1055 1244 1169 palmarium,

273 1178 350 1257 Me
364 1163 593 1287 repperisse,
624 1192 706 1276 quo
720 1167 842 1251 modo
865 1163 1176 1254 adolescentulus

275 1290 537 1371 Meretricum
544 1286 699 1389 ingenia
713 1302 754 1363 et
760 1308 892 1365 mores
900 1276 1028 1393 posset
1035 1283 1216 1368 noscere:
1233 1352 1235 1357 .
1251 1313 1302 1368 10

271 1401 440 1483 ‘Mature
462 1416 647 1502 utquum
660 1400 865 1506 cognorit,
895 1416 1085 1507 perpetuo
1106 1396 1250 1481 oderit.

1188 1511 1305 1620 Quae
1389 1483 1407 1515 ³

541 1637 1046 1707 DONATUS.

278 1738 370 1886 pund
388 1736 515 1805 insultat
542 1737 700 1804 Parmeno
718 1737 898 1805 confodiam
913 1740 1093 1826 virginem:
1123 1740 1206 1827 quasi
1224 1741 1307 1805 dicat

297 1836 457 1904 operatam
481 1836 575 1902 atque
600 1820 786 1888 devidam?
838 1819 934 1886 Nam
946 1821 1070 1902 'proprie
1091 1825 1153 1887 hoc
1174 1826 1307 1888 verbum

281 1906 433 1970 convenit
450 1904 672 1989 gladiatoribus
690 1906 744 1986 iis„
776 1905 831 1985 qui
848 1902 1029 1990 gravissimis
1050 1907 1233 1980 vulneribus
1254 1926 1310 1971 oc-

281 1989 468 2063 cubuerunt.
515 1985 565 2055 sic
581 1987 684 2052 Cicero
701 1992 735 2053 in
753 1986 945 2068 Catilinam,
969 1987 1146 2053 Gladiatoris·
1162 1989 1206 2051 iili
1218 1991 1311 2069 confe-

280 2071 323 2139 lio
340 2088 370 2134 et
395 2072 484 2136 aurio.
538 2068 700 2134 Convenit
719 2089 794 2157 ergo
821 2069 983 2135 servilibus
1002 2073 1131 2149 verbis,
1164 2086 1195 2134 et
1220 2076 1310 2137 reiut

278 2152 360 2232 joco
375 2174 394 2216 e
410 2152 632 2239 verniliterque
645 2152 793 2236 jadianti,
816 2173 887 2217 rem
902 2151 1083 2218 confeciam
1100 2150 1161 2216 effe
1178 2155 1210 2218 iu
1221 2161 1310 2236 puel-

284 2239 317 2299 la
333 2237 470 2323 virgine,
501 2249 533 2299 et
549 2254 617 2300 non
635 2236 778 2300 exhibere
793 2234 951 2300 Chaereae
967 2237 1121 2299 damnum
1139 2240 1192 2306 vel
1213 2256 1310 2324 nego-

286 2318 378 2383 tium.
445 2338 474 2398 5.
499 2317 551 2383 Au
583 2332 788 2383 uruururcr
818 2332 934 2382 avana
960 2331 1131 2382 vincimur
1153 2329 1256 2402 Qum
1273 2340 1311 2384 A·

286 2403 435 2486 unnim]
458 2401 651 2472 A'eperoaenoo
671 2401 817 2466 secunda.
862 2398 1162 2479 Dnrrcunnum
1172 2405 1245 2486 quia
1253 2405 1312 2467 vir-

284 2485 392 2567 ginem
407 2502 504 2564 quam
519 2484 661 2547 amabat:
687 2484 930 2562 Cunissrrauu,
953 2486 1026 2569 quia
1040 2487 1231 2563 ameretrice
1241 2506 1311 2551 ava·

283 2584 330 2632 ra.
373 2565 403 2629 8.
420 2565 462 2630 in
481 2580 572 2629 vato
594 2577 678 2646 usn]
703 2570 825 2646 Vnuo,
846 2564 900 2631 nii
921 2568 1103 2631 ornativum
1118 2565 1211 2636 esset,
1233 2570 1309 2634 nihil

288 2647 486 2732 significaret,
528 2647 770 2731 ricuinum]
796 2650 909 2716 Palma
922 2649 1064 2737 dignum.
1113 2666 1163 2711 10.
1187 2649 1312 2715 Munu-

287 2745 431 2794 rnrcuur
454 2732 631 2816 ruentum]
656 2728 806 2814 Optime,
833 2730 1172 2802 nonmeretricisdixit‚
1186 2733 1237 2796 sed
1253 2754 1312 2816 po·

286 2815 349 2877 tius
369 2811 623 2881 Mmrnreuru.
667 2832 716 2879 rr.
728 2815 912 2901 Marum]
936 2816 1015 2881 Cito
1033 2828 1065 2879 et
1080 2828 1152 2878 aute
1168 2829 1305 2898 tempus,

290 2895 353 2962 Ur
372 2911 448 2959 cuir
467 2906 683 2975 commum]
717 2898 856 2963 Suaviter
874 2919 941 2963 non
965 2899 1113 2974 Noverit,
1142 2897 1193 2962 sed
1210 2899 1306 2964 Coo·
1403 2946 1408 2954 -

285 2991 420 3046 nourr,
440 2979 535 3042 dixit:
559 2978 696 3058 quodest
707 2986 818 3061 plenae
827 2981 1040 3063 perspicaciae.
1084 2979 1240 3044 Mnruaa
1263 3000 1309 3046 ur

284 3074 361 3123 cuir
382 3072 594 3140 cornuorum]
617 3059 702 3127 Bene
719 3063 836 3129 addidit
853 3063 1020 3128 Maruur.
1063 3063 1143 3126 Fere
1158 3065 1245 3128 enim
1262 3065 1307 3129 ci·

287 3159 323 3207 to
339 3141 521 3228 cognovisse
538 3142 656 3208 obfuitt
678 3145 731 3211 sed
746 3147 776 3211 id
787 3147 825 3210 ad
834 3148 1015 3211 illecebram
1024 3146 1083 3209 fuit
1093 3144 1179 3230 quod
1197 3149 1215 3184 *
1231 3167 1309 3234 cog.

391 3228 1157 3326 'coMMuucruruu

327 3377 353 3437 5.
371 3364 414 3432 Ali
435 3380 612 3425 manumet
631 3381 739 3424 tvm
756 3381 919 3424 vinarium
937 3379 1023 3432 auru
1042 3369 1198 3432 rurum]
1217 3363 1310 3422 iradi-

286 3439 347 3508 xit,
366 3455 594 3499 murmuraret
609 3457 757 3510 aurum,
777 3443 818 3498 uti
839 3439 972 3507 Plautus,
997 3439 1091 3499 Pseud.
1108 3442 1130 3498 Ι.
1151 3461 1176 3499 2.
1196 3440 1241 3516 69.
1263 3440 1312 3522 qui

290 3531 387 3580 amant
402 3516 422 3585 ὰ
438 3514 533 3576 horne.

323 3591 352 3649 6.
371 3596 439 3653 ΕΔΜ
457 3609 589 3652 courum
609 3609 680 3650 trun
701 3597 875 3658 nocuerim]
903 3592 1000 3649 Sensus
1019 3590 1073 3647 est:
1094 3592 1172 3666 Effeci
1188 3590 1210 3648 ei
1227 3591 1312 3664 virgi-

291 3684 350 3728 nem
361 3670 409 3744 suo
419 3666 652 3739 modosruendam.
693 3668 821 3738 Plautus,
841 3666 934 3726 Pseud.
945 3671 967 3726 1.
981 3684 1002 3724 r.
1024 3683 1083 3723 110.

445 3744 591 3815 satin’est,
609 3743 634 3823 β
641 3748 711 3805 hanc
720 3743 793 3800 hodie
801 3744 935 3803 mulierem
944 3744 1035 3803 efficio
1045 3741 1112 3803 tibi,

449 3821 609 3880 Tuautr'ti
667 3839 670 3845 ·

292 3894 401 3976 Donati
417 3820 673 3973 interpretdtionem
689 3895 824 3974 ripulejus
842 3896 953 3955 firmare
970 3892 1097 3962 videtur,
1120 3893 1167 3972 qui
1176 3891 1317 3964 interficere
1385 3900 1390 3916 ¹

293 3967 563 4042 virginitatemdixit.
602 3973 682 4032 Adde
695 3975 787 4029 Burm.
797 3971 831 4029 ad
840 3974 951 4041 Petron.
962 3992 985 4027 c.
996 3985 1041 4026 20.
1227 3985 1228 3988 ’

329 4063 356 4119 9.
375 4043 588 4113 Pacuuium]
607 4050 643 4107 H.
656 4066 680 4105 e.
698 4048 900 4125 Praecipuum,
924 4062 952 4104 et
961 4047 1076 4124 dignum
1086 4083 1096 4114 ,
1118 4043 1161 4103 cui
1171 4043 1263 4123 palma
1273 4043 1320 4102 de·

292 4133 353 4194 tisri
376 4118 552 4204 utiloquitur
561 4124 722 4187 Hemnlv.
734 4140 758 4198 3.
772 4140 815 4201 31·
1175 4151 1178 4158 ·

295 4207 299 4219 '
820 4195 903 4272 Ll5
1178 4212 1220 4258 η.
1239 4202 1328 4280 Mutt-¹
