3392 5142
397 601 468 720 5&
727 613 1123 687 Eunucuue

274 750 285 805 ἃ
396 733 572 815 Primum
601 727 728 811 aedeis
761 720 1005 839 expugnabo.
1038 723 1115 805 Gn.
1137 724 1285 806 'Redie
1332 721 1432 806 Thr.

407 912 410 918 .
535 844 739 952 Virginem
754 845 924 953 eripiam·
943 832 1031 916 'Gra
1060 833 1201 918 Probe.

398 940 499 1041 Thr.
527 952 639 1036 Male
653 951 835 1036 mulcabo
853 947 982 1065 ipsam·
1020 948 1097 1030 Ga.
1130 947 1311 1033 Pulchre.
1329 945 1374 1031 T
1367 948 1427 1035 hr.

538 1065 766 1162 Inmedium
774 1065 852 1148 huc
860 1090 1001 1176 agmen
1009 1065 1237 1156 eumvedii,
1261 1066 1427 1146 Donax:

465 1245 468 1249 .
1338 1179 1425 1271 Tu,

413 1332 416 1340 ·
586 1279 1166 1355 ·noNnTua

397 1380 486 1477 Ergo
509 1395 597 1459 velut
613 1387 726 1455 mortis
746 1403 933 1469 contemptu
958 1407 1039 1468 opus
1060 1387 1101 1453 est
1118 1390 1156 1452 ad
1173 1394 1236 1454 tale
1259 1391 1422 1468 praelium.

397 1470 505 1537 Motu
526 1489 579 1536 un
599 1489 714 1537 snt-tus
734 1474 820 1559 ren]
852 1471 949 1554 Quasi
968 1474 1024 1535 ille
1044 1471 1095 1537 fibi
1112 1473 1223 1551 dicat,
1252 1476 1304 1535 vel
1323 1477 1424 1536 mole·

397 1553 480 1631 lium
504 1556 565 1623 etse
586 1573 775 1640 certamen,
804 1560 855 1621 vel
883 1557 1021 1623 amicam
1047 1574 1115 1618 non
1139 1552 1200 1617 esse
1225 1552 1418 1622 laedendam.

398 1637 578 1724 sturmo]
610 1638 653 1703 Et
680 1641 741 1702 hoc
769 1636 927 1703 concitate
952 1637 1229 1719 pronunciandum
1261 1636 1317 1700 eli.
1371 1640 1423 1700 Sa·

398 1733 570 1803 quintini]
598 1721 794 1805 Hujullnodi
814 1720 927 1785 militia
943 1739 997 1809 per
1020 1725 1198 1794 tumultum
1213 1734 1341 1799 repente
1361 1719 1423 1784 sus·

396 1803 540 1880 cipitur,
571 1816 602 1866 et
627 1804 740 1867 dieitur
765 1803 937 1866 Euocatio:
967 1804 1018 1866 ubi
1043 1803 1106 1866 dux
1132 1804 1308 1882 alloquitur
1325 1803 1424 1881 citet,

426 1884 477 1947 Ul
495 1884 602 1949 REM
618 1885 860 1950 PUBLICAM
877 1883 1058 1949 SALVAM
1078 1879 1248 1965 VULTI-l',
1269 1884 1343 1953 ME
1363 1883 1423 1951 SE·

321 1973 324 1981 '
456 1966 595 2032 IMINI.
640 1966 740 2033 Unde
758 1968 897 2052 Virgilius
913 1968 954 2030 stc
972 1971 1033 2035 ait,
1100 1969 1273 2055 desuetaque
1298 1967 1368 2031 bello

522 2050 992 2135 Agmiaainarmavocatsubitm
1011 2052 1347 2141 fhrrumqueretradlat.

457 2183 463 2192 .
521 2131 584 2219 Ipse
600 2150 685 2196 vocar
694 2152 837 2220 pugnate,
854 2134 993 2221 sequitur
1012 2150 1077 2198 tum
1095 2142 1209 2197 caetera
1219 2135 1321 2219 pubes.

442 2234 472 2301 3.
496 2214 641 2280 Pnnruu
662 2216 768 2278 ranei
789 2226 1018 2296 exinanitio]
1043 2214 1145 2279 Debet
1165 2216 1215 2278 hic
1229 2213 1291 2279 effe
1306 2213 1424 2279 vocife-

399 2304 480 2364 ratio
497 2319 577 2364 vana
594 2299 632 2362 ad
650 2301 730 2376 hoc,
755 2313 785 2362 et
802 2300 934 2362 verbum
951 2300 1058 2362 militis
1083 2317 1160 2363 cum
1175 2298 1320 2377 quodam¹
1333 2312 1423 2361 motu

399 2381 536 2469 ingenti,
558 2396 589 2445 et
605 2401 657 2462 per
676 2382 829 2443 immanes
841 2382 962 2460 minas,
986 2382 1048 2445 fine
1065 2387 1131 2445 ulla
1148 2380 1178 2443 vi
1199 2399 1317 2445 retum.
1365 2381 1424 2445 Va·

399 2483 502 2551 naque·
520 2463 728 2528 comminatio
739 2463 780 2525 ell
797 2468 880 2528 velle
895 2463 985 2526 aedes
1002 2483 1196 2545 expugnare,
1220 2464 1383 2527 cumforis
1394 2461 1426 2525 fit

398 2549 557 2612 meretrix.
600 2565 631 2628 4.
648 2544 756 2610 Mnntt
775 2557 947 2609 uuncrtto'
962 2550 1093 2632 resana]
1124 2546 1203 2608 Vide
1211 2545 1359 2609 ordinem
1369 2549 1430 2610 bel-

398 2629 432 2698 li.
478 2631 588 2711 Brimo
606 2627 797 2712 expugnatio
814 2631 991 2692 moenium.
1017 2644 1087 2692 tum
1106 2629 1302 2710 recuperatio
1321 2644 1424 2710 capta·

285 2738 291 2747 1
357 2770 361 2777 ,
398 2724 473 2774 rum
500 2731 619 2776 terum.
657 2711 789 2773 demum
824 2729 927 2790 poena
958 2712 1164 2790 praedonum.
1237 2711 1426 2790 tuente]

399 2790 571 2879 Postquam
586 2810 653 2855 non
672 2790 828 2861 obtinuit,
850 2792 937 2872 quod
954 2795 1101 2865 volebat,
1125 2795 1277 2862 Gnatho,
1300 2791 1429 2857 affenta·

398 2891 451 2938 tur
468 2879 505 2939 ad
525 2875 644 2938 omnia.
690 2876 771 2940 Vide
788 2888 894 2938 autem
912 2877 1108 2941 manifestam
1124 2876 1300 2941 itrifionem
1315 2874 1427 2958 exipso

398 2975 512 3041 genere
536 2957 692 3033 laudandi.
745 2955 837 3021 Nam
863 2956 937 3041 quid
963 2960 1004 3024 eli
1030 2958 1061 3023 in
1080 2960 1196 3028 aedium
1209 2962 1428 3055 -eapugnaaione

398 3040 475 3105 redii
494 3044 506 3104 ?
535 3042 607 3123 quid
625 3040 655 3104 in
673 3042 796 3127 virginis
818 3043 960 3126 ereptione
976 3043 1137 3124 probitatis
1156 3042 1168 3104 ?
1203 3040 1280 3122 quid
1298 3061 1333 3107 tn
1355 3042 1430 3105 male

394 3126 552 3188 'multanda
569 3123 688 3187 muliere
706 3122 942 3206 pulchritudinis
962 3125 975 3188 ?
1017 3123 1079 3188 Sed
1097 3129 1159 3189 hoc
1177 3123 1219 3188 est
1237 3171 1247 3204 ,
1279 3123 1368 3208 quod
1385 3125 1426 3201 ait

398 3202 490 3287 supra
516 3207 555 3268 de
579 3202 693 3286 seipso
713 3205 885 3289 parantur,
915 3207 1068 3299 Quidquid
1083 3210 1211 3275 dicunt,
1240 3207 1336 3273 laudo·
1390 3207 1429 3269 ln

399 3300 628 3369 montumano
653 3302 781 3352 nonan
799 3304 876 3351 cunt
896 3304 1014 3372 vtem,
1035 3288 1204 3373 Domi]
1244 3288 1433 3355 Mirecom·

421 3371 498 3434 ofita
515 3372 552 3433 ad
570 3386 773 3435 contemtum
789 3372 921 3435 nomina
939 3374 1187 3458 legionariorum
1205 3369 1289 3434 sunr.
1335 3368 1427 3455 Nam

435 3467 528 3517 onax
544 3456 583 3516 ab
598 3454 764 3535 arundine,
798 3457 898 3517 veluti
915 3454 950 3521 stt
965 3457 1066 3521 inanis
1085 3471 1114 3519 et
1131 3455 1160 3518 ir
1201 3453 1270 3523 ilis,
1308 3452 1428 3519 nometi

397 3534 525 3601 sortitus
544 3534 597 3597 est.
643 3535 682 3612 lu
703 3550 842 3604 neotum
866 3552 948 3599 truc·
1001 3537 1150 3602 Ridicule
1187 3538 1257 3601 atis.
1309 3534 1425 3599 Arma-

398 3636 483 3683 tutas
503 3625 587 3683 leves
605 3635 672 3680 non
690 3633 778 3699 putat
795 3619 941 3693 adversus
996 3622 1118 3687 haidem
1137 3620 1286 3683 idoneas:
1314 3633 1345 3680 et
1357 3619 1427 3681 ideo

358 3765 360 3770 .
399 3723 504 3792 agmen
525 3724 591 3765 cum
611 3703 690 3763 aelii
715 3706 785 3764 vult
810 3704 916 3765 venire
943 3702 975 3766 in
999 3705 1149 3770 medium.
1200 3701 1255 3766 An
1272 3700 1344 3765 ideo
1362 3721 1428 3765 cum

600 3804 1258 3876 COMMENTARIUS.

436 3892 921 3972 Suouru1u1.]ExplicatDonatut.
949 3894 1058 3953 Livius.
1075 3893 1127 3951 111.
1135 3906 1181 3962 27.
1203 3891 1330 3953 accelera
1345 3886 1426 3968 figni-

393 3967 453 4038 fer,
468 3971 573 4046 sequere
582 3969 662 4025 miles.
700 3970 734 4026 Et
743 3985 801 4045 cap.
814 3977 860 4045 38.
879 3968 1026 4050 sequimini
1032 3981 1077 4045 pro
1085 3968 1182 4028 vexillo
1191 3969 1319 4044 cuspidem
1327 3985 1424 4031 mem.

432 4065 460 4113 4.
479 4054 570 4105 Minu
593 4056 734 4104 nunerio
755 4052 870 4122 usim]
900 4044 1103 4130 ltaAdelph.1.
1117 4062 1200 4112 mo.
1221 4044 1338 4118 Atrida,
1357 4043 1422 4111 Alb·

397 4119 563 4199 phitruone:
585 4116 673 4203 retati
690 4139 728 4189 aa
744 4119 839 4182 mala'
1359 4194 1389 4257 Μ

835 4244 838 4248 .
1391 4208 1418 4249 a·
