3392 5142
398 645 471 728 72q
604 619 1254 697 Heautonrrluoltuunuos.

301 764 306 777 ¹
397 738 467 812 Sed
487 738 543 812 ille
552 754 632 810 tuus
641 760 781 835 quoque
792 736 896 832 Syrus
905 732 997 805 idem
1005 732 1091 805 mire
1107 731 1212 811 finxit
1224 730 1374 827 filiuni,
1400 744 1441 833 ιζ’

401 834 460 909 Ut
476 858 518 907 ne
533 834 725 945 paullulum
743 833 884 933 quidem
899 827 1074 922 subolere,
1097 829 1163 902 effe
1179 831 1338 903 amicam
1357 832 1442 906 hanc

398 1025 460 1100 Ch.
487 929 688 1122 Qtlldlrgirsa?
705 1026 777 1100 Me.
801 1025 918 1109 Mitto
937 1023 1013 1118 jam
1034 1021 1206 1116 osculari,
1231 994 1352 1122 atque
1369 1049 1439 1098 am·

540 1122 689 1218 plexuri:
716 1123 751 1193 id
768 1119 855 1194 nihil
874 1134 974 1215 puto.
1190 1193 1192 1196 ,

397 1222 460 1296 Ch.
485 1217 587 1312 Quid
608 1217 678 1309 est,
702 1217 796 1317 quod
819 1215 967 1313 amplius
990 1210 1199 1288 simuletur?
1232 1217 1311 1290 Me.
1338 1216 1438 1292 Vah!
1476 1250 1477 1271 l

543 1315 604 1386 Ch.
628 1307 728 1408 Quid
743 1313 813 1386 est?
840 1314 914 1387 Me.
939 1311 1033 1385 Audi
1049 1312 1181 1384 modo:

397 1412 465 1507 Est
478 1412 567 1486 mihi
583 1413 619 1482 in
634 1412 765 1483 ultimis
774 1408 939 1483 conclave
954 1407 1094 1481 aedibus
1110 1407 1434 1504 quoddam‚re'tlo:

660 1516 1190 1586 CALPHURNIUS.
1383 1568 1385 1572 -

397 1610 501 1676 ironia
517 1610 550 1672 in
566 1625 640 1668 eum
658 1604 712 1685 qui
727 1603 877 1686 deceptus
897 1601 942 1664 stt.
1002 1619 1053 1682 25.
1078 1604 1159 1668 ILLE
1185 1611 1276 1670 tutus
1293 1615 1437 1688 Quoque

398 1686 541 1772 sinuo]
575 1690 684 1770 Quem
709 1700 836 1750 tautum
860 1701 1055 1749 veteratorem
1083 1703 1187 1772 putas.
1234 1690 1263 1753 F
1267 1703 1370 1751 tuxtr
1389 1705 1435 1753 ur·

394 1776 513 1856 murt]
538 1773 687 1836 Refertur
705 1770 744 1833 ad
758 1769 790 1832 id
805 1771 893 1854 quod
910 1765 1064 1832 Chremes
1089 1770 1182 1853 supra
1200 1772 1279 1835 dixit
1297 1818 1309 1850 ‚
1336 1771 1433 1836 Voltur

396 1880 451 1944 quo
471 1878 507 1918 ue
525 1857 672 1917 hominum
681 1853 774 1933 fingit
778 1853 887 1934 scelus.
931 1854 982 1914 26.
1006 1853 1217 1940 SuBoLEAT]
1243 1852 1434 1919 Tractuma

397 1879 490 2003 seuqsu
508 1937 672 2001 odorandi.
720 1935 741 1976 *
764 1937 807 1999 Et
825 1951 882 1998 suu
898 1935 938 1998 ibi
956 1935 1080 1999 minuit.
1103 1936 1124 1999 i.
1144 1958 1171 2002 e.
1198 1953 1234 2003 ut
1254 1958 1318 2002 nec
1343 1938 1434 2001 eriam

398 2024 578 2104 pauxillum
599 2033 767 2101 appareat,
798 2026 849 2083 vel
874 2023 1057 2098 paullulum
1078 2018 1229 2085 sentiatur
1256 2022 1288 2085 id
1318 2019 1435 2085 scilicet

397 2107 486 2190 quod
505 2105 536 2170 se
549 2103 653 2167 uitur.
697 2118 747 2181 27.
772 2101 970 2183 Quruutsl]
995 2100 1250 2189 Nonnunquam
1263 2106 1434 2186 perturbati

400 2191 519 2253 interce
547 2189 610 2252 oris
627 2186 806 2265 elidicere,
826 2199 917 2266 Qun
932 2187 1010 2249 alst
1035 2184 1089 2250 sed
1107 2189 1170 2251 hoc
1189 2193 1269 2252 loco
1289 2201 1436 2251 metuen-

397 2269 437 2335 tis
454 2272 516 2342 est,
538 2291 605 2336 non
622 2270 854 2354 interrogantis.
898 2266 1023 2332 Mino
1041 2287 1110 2354 Jau
1126 2273 1342 2355 occultunt]
1370 2269 1435 2335 Co·

398 2361 451 2419 lor
467 2354 654 2429 rhetoricus.
698 2353 921 2432 Oscutau1.]
949 2351 1037 2415 Haec
1061 2353 1103 2415 est
1133 2367 1247 2434 quarta
1263 2352 1384 2428 amoris
1400 2354 1434 2417 li·

329 2506 330 2512 ἵ
400 2458 469 2502 nea.
492 2437 649 2502 natnsunt
663 2437 823 2519 quinque:
848 2436 956 2502 Prima
965 2437 1063 2518 visus,
1087 2434 1434 2526 Secundalaqui,Ter·

402 2523 447 2585 tia
460 2522 575 2589 taetus,
598 2520 722 2602 Quarta
736 2521 838 2602 osculi,
862 2519 985 2600 Quinta
1000 2520 1102 2584 coitis.
1148 2520 1432 2599 laniantum]

274 2668 277 2675 ,
402 2607 456 2668 Sic
476 2605 611 2667 dicimus
628 2603 756 2687 quando
774 2604 923 2665 habemus
934 2599 1051 2681 aliquid
1062 2601 1167 2684 majus
1185 2604 1225 2667 ad
1237 2601 1435 2668 confirman-

401 2687 492 2752 dum.
538 2687 558 2725 ⁴*
584 2686 631 2748 lta
652 2684 747 2748 dicit:
772 2682 833 2749 Nil
856 2700 935 2767 puto
961 2698 1132 2747 oscuuattt
1156 2702 1188 2751 et
1213 2700 1433 2767 nurtuxrar,

400 2772 435 2834 in
453 2766 746 2849 comparatione'ad
763 2767 862 2838 illud,
885 2767 973 2853 quod
989 2767 1137 2852 sequitur.
1192 2780 1246 2851 29.
1271 2768 1436 2836 Concut-

400 2863 480 2932 γι]
514 2851 551 2914 ln
585 2847 766 2921 Eunucho,
787 2849 877 2938 Virgo
904 2852 937 2913 in
965 2851 1096 2916 conclavi
1106 2854 1202 2936 sedet.
1247 2850 1303 2917 Est
1330 2866 1435 2918 autem

351 2952 358 2989 t
400 2949 586 2998 concurri:
614 2933 781 3014 separatior
804 2939 899 2999 locus
925 2931 959 2997 in
983 2931 1182 2999 interioribus
1219 2934 1342 3001 tetlit:
1386 2939 1434 2999 vel

401 3017 490 3112 quod
507 3018 588 3080 intra
608 3037 683 3080 eum
700 3022 773 3081 loca
789 3022 892 3083 multa
904 3031 935 3079 et
951 3018 1067 3081 cubilia
1083 3017 1436 3084 clausafintadhaeren·

282 3146 287 3154 .
401 3115 445 3165 tra
460 3102 611 3165 triclinio.
656 3097 978 3165 *Etestneutrum
1020 3099 1130 3166 Festus
1152 3116 1263 3167 autern
1290 3102 1356 3185 ait,
1377 3125 1436 3164 con·

401 3183 518 3260 clavia,
540 3185 602 3247 dici
620 3190 712 3252 loca,
734 3180 814 3268 qu'ae
829 3207 889 3247 una
905 3183 988 3245 clave
1014 3181 1201 3262 clauduntur.
1248 3181 1371 3247 Cicero
1388 3203 1437 3246 au·

403 3279 470 3355 tetn
485 3268 517 3331 in
535 3263 589 3329 De
607 3267 747 3331 Oratore
766 3265 847 3348 cepit
871 3279 1054 3330 couctrvu
1068 3288 1128 3354 pro
1144 3268 1294 3337 triclinio,
1317 3269 1351 3345 in
1373 3285 1434 3349 quo

553 3364 1283 3441 COMMENTARIUS.

433 3462 486 3597 126,
506 3465 690 3531 Suionum]
710 3459 849 3531 subaudi,
872 3460 961 3530 mihi,
980 3459 1027 3522 vel
1041 3463 1172 3544 cuiquam
1184 3458 1242 3522 alii.
1262 3464 1309 3522 Ita
1326 3463 1436 3528 Phorm.¹

402 3543 499 3600 11.1.
523 3555 566 3598 10.
1260 3597 1262 3600 .

438 3629 486 3691 27.
503 3615 661 3673 Oscuutur
680 3630 784 3682 trouu
801 3617 1004 3680 turturum]
1031 3614 1076 3673 Ita
1083 3612 1213 3684 Plautus,
1229 3612 1293 3673 Cal.
1303 3614 1343 3673 ΙΙ.
1355 3619 1381 3678 8.
1392 3616 1433 3691 36.

394 3687 728 3770 jambrrrlramplexari,
744 3687 1023 3818 jamoscularigessio.
1052 3756 1055 3763 .

440 3774 488 3832 28.
509 3770 670 3835 Arretina]
696 3769 741 3824 Ita
755 3768 824 3825 Eun.
843 3769 867 3823 l.
886 3781 912 3821 2.
954 3783 977 3837 3.
1007 3762 1172 3833 etlinun.
1190 3781 1216 3824 1.
1239 3778 1286 3841 ις.
1309 3764 1438 3824 ubivide.

404 3888 414 3899 .
441 3863 489 3919 29.
508 3846 815 3910 luminalumina]
843 3839 1002 3911 Indixit,
1031 3841 1072 3898 uri
1089 3840 1203 3899 Phorm.
1218 3841 1243 3899 1.
1260 3861 1290 3915 4.
1309 3839 1355 3918 38.
1376 3840 1437 3897 ulri-

272 3914 275 3923 '
402 3938 450 3980 ma
465 3917 562 3996 platea.
590 3919 715 3977 Notatur
731 3933 825 3976 autern
842 3914 941 3972 ultima
955 3934 1019 3994 pars
1029 3913 1158 3983 aedium,
1172 3932 1208 3974 et
1225 3916 1346 3996 plateae,
1384 3922 1436 3976 Eo·

402 3995 468 4054 dem
478 3995 555 4053 sensu
563 3995 679 4064 Cicero,
700 3995 773 4051 Fam.
783 3996 836 4055 111.
846 3991 874 4050 6.
894 3995 929 4050 Tr
944 3991 973 4050 in
981 3991 1304 4072 ptimaptovinciavrllr
1313 3995 1367 4071 effe.
1393 3995 1438 4053 Vi·

402 4072 438 4131 de
448 4071 593 4129 clunem.
603 4068 638 4127 ad
647 4068 749 4128 Phaed.
758 4072 833 4140 lua.
845 4089 871 4129 1.
1209 4137 1212 4141 ,

398 4194 413 4225 k
441 4151 636 4223 Curictum]
655 4144 728 4204 Vide
742 4149 890 4231 Donatum
899 4143 1010 4231 adEuu.
1019 4143 1057 4203 11.
1076 4157 1157 4222 ως.
1368 4223 1393 4280 D

1302 4237 1347 4302 31.
1396 4239 1433 4295 lc}
