3392 5142
402 617 476 683 666
610 603 1246 681 Hnnuronrrmonumnnos.

394 729 536 802 Idcirco
552 725 633 799 huic
650 723 767 800 nostro
784 727 908 801 tradita
924 727 965 799 ’st
981 728 1170 826 provincia.
1197 818 1200 823 ι
1419 773 1422 779 ·

324 829 327 836 '
396 824 451 915 &a
476 821 568 916 Qris
582 823 639 894 hie
655 821 832 917 loquitur?
856 824 959 918 perii!
986 846 1149 897 numnam
1165 824 1247 897 haec
1264 817 1427 894 audivit?
1476 849 1477 855 ¹

533 920 592 991 Cla.
617 922 722 1016 Syre,
748 919 802 1006 Sy.
827 918 963 992 Hem!‘
1142 1006 1148 1015 .

395 1018 457 1090 Ch.
483 1015 639 1186 Qrgihtu
654 1011 754 1087 istic?
777 1013 831 1104 Sy.
857 1013 970 1088 Rode
986 1014 1159 1113 equidem.
1182 1012 1425 1114 ledtemiror,

599 1134 712 1202 reme,

283 1257 290 1273 ·
393 1210 488 1283 Tam
497 1231 616 1301 mane,
641 1209 927 1302 heriquirantum
942 1207 1079 1281 biberis.
1106 1206 1167 1280 ct.
1194 1206 1301 1279 Nihil
1311 1208 1426 1281 nimis.

393 1308 449 1396 Sy.
480 1304 588 1378 Nihil
608 1301 740 1375 narras?
763 1303 931 1413 visauvero
947 1303 1008 1397 'st,
1033 1304 1128 1414 quod
1142 1302 1213 1377 dici
1228 1300 1336 1396 solet,

393 1401 541 1500 Aquilae
556 1397 718 1472 senettus.
730 1399 790 1472 Ch.
803 1399 886 1471 Era!
897 1402 951 1490 Sy.
960 1400 1094 1473 Mulier
1107 1398 1364 1491 commomsst
1384 1421 1427 1470 ro

619 1525 1194 1625 cnueunnntua

391 1680 468 1727 nem
487 1632 739 1737 Menedemum,
762 1656 842 1721 ditm
864 1659 959 1741 Syrus
979 1656 1018 1720 de
1040 1630 1224 1723 curem
1238 1655 1308 1737 ipso
1327 1658 1427 1725 imer-

393 1745 474 1827 rigit.
517 1759 545 1818 5·
571 1740 807 1825 Pitumnum]
824 1740 919 1804 Onus
937 1741 1050 1827 dicitur
1068 1740 1233 1820 cujussibet
1252 1740 1297 1802 rei
1315 1760 1427 1826 geren-

390 1827 459 1888 dae.
483 1820 575 1885 Nam
591 1821 756 1909 acquifitae
776 1827 862 1888 bello
882 1830 979 1911 longe
988 1825 1026 1887 ab
1042 1825 1131 1889 Italia
1145 1823 1290 1918 regiones
1305 1860 1318 1895 ,
1341 1840 1427 1888 erro·

262 1924 269 1935 ‘
389 1898 533 1985 v‘rncmr.
550 1902 650 1968 diuae
666 1904 737 1968 sunt
754 1941 766 1976 ,
789 1914 810 1967 a‘
826 1922 938 1994 porro,
969 1911 1019 1970 vel
1036 1908 1171 1992 aprocal
1191 1907 1334 1973 vincendo
1352 1931 1366 1970 .·
1387 1908 1425 1971 ad

389 2000 469 2075 quas
480 1986 663 2056 Praetores,
685 1985 960 2072 quiacumofficio
977 1991 1201 2067 mittebantur,
1225 1989 1428 2071 officiaquo·

389 2080 454 2159 que
471 2085 682 2149 enovrncrnu
699 2069 916 2135 nominantur.
960 2088 990 2150 7.
1014 2071 1162 2151 Restm]
1187 2069 1420 2157 jocorultsy-

391 2156 447 2220 rus
465 2151 630 2219 deflediere
644 2152 822 2219 orationem
839 2156 871 2218 in
888 2155 991 2225 aliud,
1016 2168 1047 2217 et
1061 2155 1276 2241 subterfugere
1298 2155 1422 2223 herine·

394 2237 645 2320 prehenfionem.
688 2237 705 2274 ⁴¹
728 2234 758 2301 8.
783 2235 1017 2316 Tantone]
1034 2238 1187 2308 '‘Emeolm
1213 2236 1327 2307 deest,
1349 2242 1424 2336 vigi·

393 2323 482 2401 lare,
498 2335 552 2385 aut
571 2325 633 2383 tale
656 2318 740 2402 quid.
806 2338 857 2383 10.
881 2320 1040 2400 Aounnu
1064 2331 1270 2401 sannorum]
1302 2320 1424 2389 Plinius

396 2406 449 2467 lib.
473 2423 520 2467 ro.
545 2402 662 2466 Natur.
682 2403 857 2485 Historiae,
877 2404 1122 2489 deaquilishaec
1135 2403 1249 2482 refert,
1274 2406 1423 2497 oppetam

393 2510 451 2551 non
458 2488 557 2567 serio,
580 2510 631 2548 nec
649 2488 848 2571 aegritudine,
861 2488 1023 2570 sedfame,
1041 2488 1073 2555 in
1088 2502 1206 2551 tantum
1214 2489 1362 2572 superiore
1374 2513 1425 2549 ac·

396 2573 538 2651 crescente
554 2568 658 2649 rastro,
680 2585 715 2631 at
731 2571 881 2633 aduncitas
889 2571 997 2664 apemri
1012 2591 1067 2632 nen
1084 2587 1181 2657 queat.
1227 2569 1241 2632 1
1263 2568 1323 2630 itur
1337 2572 1425 2657 aqui·

392 2652 441 2733 la,
465 2666 590 2715 tantum
607 2651 639 2712 in
662 2646 821 2713 senetiute
845 2650 937 2728 bibo,
962 2657 1012 2716 vel
1039 2651 1078 2715 de
1106 2653 1219 2732 praeda
1236 2587 1422 2736 lingonen,

393 2730 493 2817 sugit:
517 2752 554 2795 ex
571 2751 637 2816 quo
655 2735 856 2812 proverbium
866 2732 896 2797 in
913 2734 1083 2815 senes,qui
1099 2733 1290 2815 piusbibunt
1302 2782 1310 2813 ‚
1322 2753 1421 2818 quarn

394 2816 579 2878 comedunt.
626 2815 643 2852 *
666 2814 784 2879 Plinius
793 2815 832 2878 de
843 2818 929 2881 ebrio
943 2818 1063 2902 inquit:
1088 2818 1165 2878 Hinc
1174 2817 1270 2904 pallor
1288 2835 1316 2879 et
1328 2838 1423 2901 genae

386 2897 550 2986 pendulae,
571 2896 717 2960 oculatam
732 2898 847 2980 ulcera,
870 2901 1012 2964 tremulae
1036 2922 1148 2965 manas.
1194 2895 1299 2964 Divus
1318 2903 1423 2962 Hiera·

577 3022 1232 3093 COMMENTARIUS.
1310 3036 1313 3041 “

431 3149 457 3206 ς.
478 3134 675 3202 Paovrnch
691 3135 771 3194 -vide
790 3136 825 3196 ad
833 3138 945 3199 Phorm.
954 3142 1010 3199 1.2.
1029 3154 1077 3199 22.

433 3222 458 3278 7.
480 3211 585 3269 Rauen
602 3215 769 3278 umnam]
788 3212 852 3270 Vim
868 3215 1068 3293 particularum·
1081 3215 1153 3294 cepit
1163 3212 1358 3292 Galphurnius.
1378 3215 1424 3271 Ita

394 3280 511 3362 Adelph.
523 3283 605 3358 IV.5.
617 3301 658 3360 19.
697 3288 765 3345 Hec.
775 3288 827 3345 111.
837 3307 864 3346 2.
874 3303 920 3349 20.
949 3291 1007 3349 Ubi
1023 3290 1250 3351 videDonatum.
1268 3289 1333 3347 Nec
1342 3289 1426 3346 aliter

378 3361 641 3501 diffidiare
658 3444 831 3507 sannorum]
852 3399 908 3498 ‘Gn
928 3441 1011 3498 Λέτὲ
1027 3441 1119 3514 aigae.
1143 3438 1425 3497 ErassnusinChilia·

392 3508 474 3568 dibus
492 3508 609 3588 explicat
626 3510 752 3568 vividam
777 3527 803 3570 et
818 3514 942 3575 viridem.
983 3518 1069 3590 Ajuut
1086 3530 1179 3573 autem
1196 3513 1327 3600 Aquilam
1345 3515 1423 3572 senio

291 3590 294 3595 '
392 3582 551 3643 confestam
560 3625 569 3653 ‚
590 3589 742 3663 quumjam
752 3591 877 3649 carnibus
892 3591 1010 3672 praedae
1019 3591 1056 3648 ob
1064 3591 1183 3648 rostrum
1190 3609 1273 3646 onnes
1282 3588 1425 3651 aduncum

393 3658 466 3717 vesci
475 3674 613 3737 nequeat,
631 3660 677 3718 san
697 3665 791 3723 uinem
807 3667 871 3726 exsu
891 3687 954 3736 erc,
974 3666 1210 3745 eoqueviliitare-
1252 3658 1379 3739 Qrando
1394 3665 1425 3721 id

392 3734 517 3867 affluerit
534 3739 631 3814 Syrus,
654 3740 677 3794 C
712 3757 832 3800 emerem
848 3687 903 3800 ciii
918 3743 1052 3821 quidem,
1070 3760 1129 3798 non
1139 3741 1223 3798 etiam
1233 3741 1293 3799 vim
1302 3759 1422 3817 parcum

427 3830 484 3869 re.

430 3891 560 3946 Monetae.
576 3894 752 3957 conmotam]
783 3893 843 3961 Qui
864 3893 944 3951 novit
964 3889 1177 3950 accommodare
1185 3891 1212 3949 se
1221 3887 1319 3956 alteri,
1342 3892 1427 3943 Coen-

393 3962 486 4019 meaa,
503 3960 610 4022 dicitur.
650 3963 767 4034 Cicero,
786 3985 838 4046 pro
856 3971 993 4037 Murena,
1013 3988 1037 4026 c.
1061 3984 1105 4043 31.
1125 3968 1320 4043 Quemquamne
1337 3963 1426 4035 exilii-

392 4047 580 4105 marcatum,
599 4050 696 4113 proauo
708 4054 769 4111 tar,
789 4041 1032 4114 commodiorem,
1050 4042 1183 4104 comittem
1193 4086 1203 4118 ,
1222 4039 1426 4103 moderatiorem

386 4112 482 4199 ladit,
501 4115 786 4200 ademaemratimtm
799 4117 999 4200 lertmatritatmt¹
1368 4193 1387 4249 F

394 4222 396 4225 Ι
801 4206 811 4225 ι
1302 4211 1349 4257 11,
1387 4204 1421 4250 Α.
