3392 5142
328 640 515 729 permittere
529 636 680 726 cupiehnt.
729 639 780 706 At
791 636 956 730 Chremes,
980 662 1077 729 cave,
1101 642 1225 735 inquit,
1241 639 1363 735 fascis:
1418 646 1427 737 ss

332 732 499 821 isceenim
512 732 645 802 modoet
661 745 712 820 te,
737 747 768 802 et
786 757 875 824 eam,
906 749 938 804 et
954 758 1019 807 rem
1034 758 1097 804 unu
1108 739 1282 825 perdideris
1298 758 1352 810 tu·

329 851 406 899 am:
428 829 530 920 flmul
542 829 572 896 ei
586 826 714 917 asendit
730 876 742 915 ,
773 844 847 922 quat
863 830 1052 900 incommoda
1067 847 1214 920 capturus
1222 839 1269 926 stt
1280 859 1294 904 .·
1318 841 1354 928 fi

328 938 399 994 tam
413 924 499 993 malli
514 922 572 1012 ese
585 920 645 1011 se,
661 936 786 1015 tamque
800 925 937 1016 infredo
954 929 1061 994 anima
1075 925 1259 1015 ostenderit.¹
1279 933 1352 1001 Cli·

321 1022 402 1092 rtt'ue
412 1019 549 1091 amicam
574 1022 656 1109 (eam
671 1020 752 1087 enim
768 1019 957 1090 Bacchidem
972 1019 1192 1110 existimabat,
1217 1027 1350 1117 nonjam

324 1115 549 1207 pauperculam
562 1112 641 1203 effe,
664 1126 722 1181 aut
732 1133 838 1204 paruo
854 1129 1059 1206 contentam,
1093 1128 1130 1183 ut
1145 1131 1268 1200 antea;
1291 1119 1354 1210 sed
1441 1136 1443 1141 ·

311 1206 314 1211 ’
320 1205 559 1301 sumptuosam,
580 1209 708 1300 gemmis
728 1223 822 1303 atque
836 1233 914 1280 aura
929 1211 1143 1300 reducentem,
1167 1233 1237 1279 cum
1243 1209 1350 1303 fami-

328 1307 377 1377 lia
392 1300 638 1391 numerustfflma.
671 1303 788 1395 'Una,
820 1308 950 1398 inquit,
982 1305 1062 1374 mihi
1074 1327 1135 1373 nox
1149 1319 1277 1375 tanturn
1293 1331 1353 1381 nou
1426 1349 1430 1363 ·

323 1411 545 1492 paupertatem
560 1397 695 1485 attulit,
718 1399 829 1470 nedum
845 1417 882 1470 ea
896 1415 927 1470 te
941 1398 1058 1495 censtas
1071 1403 1158 1491 pueri
1164 1398 1354 1494 sereudafa·

328 1518 385 1586 re,
400 1499 433 1587 fi
449 1505 481 1562 te
497 1491 1230 1588 illipcrpetuaficmptc'husfieppcditareoporteat.
1258 1496 1354 1596 Quin

331 1605 370 1661 tu
386 1594 435 1658 ita
456 1588 563 1679 patius
585 1588 669 1680 agite
687 1609 699 1655 .·
729 1588 863 1662 humane
884 1592 1006 1684 quidem
1029 1606 1059 1659 et
1081 1593 1207 1660 comiter
1222 1596 1358 1685 excipito.

323 1686 436 1779 filium
453 1714 466 1767 3
499 1682 583 1772 iliud
596 1698 700 1752 tamen
715 1699 783 1756 tam
798 1689 946 1778 impetens
959 1688 1046 1757 iilius
1059 1686 1239 1757 dehderium
1253 1692 1353 1760 occul-

298 1851 302 1865 ,
332 1796 402 1852 tum
415 1777 528 1851 habeto
546 1802 559 1848 .·
590 1783 696 1871 tumst
711 1783 784 1872 iile,
815 1781 899 1874 quud
909 1785 1027 1852 amicae
1046 1782 1096 1852 det
1112 1831 1124 1872 ,
1156 1796 1193 1850 ut
1208 1779 1352 1876 haheat,

332 1870 511 1952 machinam
525 1871 693 1967 adversum
708 1888 740 1945 te
753 1877 1018 1970 aliquamsruct,
1035 1875 1259 1969 sallitestnita
1269 1904 1282 1950 .·
1303 1883 1354 1951 itu

333 1988 364 2043 et
381 1995 451 2043 eum
465 1969 649 2040 commodius
665 1972 809 2041 retinebis
825 1973 911 2062 apud
924 1988 956 2044 te
977 2022 989 2063 ,
1021 1988 1051 2041 et
1058 1969 1244 2065 sccmptuum
1255 1973 1354 2064 facies

333 2069 449 2139 minus.
499 2065 589 2135 Haec
605 2063 778 2157 Chremes,
812 2066 926 2161 nescim
952 2075 1002 2161 (ut
1031 2082 1088 2138 unt
1102 2067 1254 2153 hamana)
1280 2093 1353 2140 ocn-

334 2159 532 2254 iutumferis
547 2162 603 2252 effe
633 2185 675 2252 e,
710 2185 827 2232 coecum
841 2164 934 2233 demi.
983 2165 1108 2234 Interea
1123 2165 1204 2232 enim
1220 2165 1355 2234 mediea-

335 2259 432 2330 hatnr
449 2257 569 2345 Syrus,
614 2280 691 2328 ecem
705 2261 826 2347 minas,
850 2281 927 2352 qaas
951 2257 1104 2331 Bacchidi
1113 2260 1271 2349 pellicitus
1285 2275 1356 2331 crat

305 2365 308 2369 ’
335 2354 432 2445 dare,
456 2373 508 2433 eus
523 2353 667 2446 quomado
682 2354 732 2423 ilii
747 2375 769 2422 a
786 2351 950 2423 Chremete'
963 2352 1210 2446 ipfhcanficeret:
1223 2356 1356 2448 jamque

335 2449 527 2536 mihimet,
559 2469 653 2540 qnam
672 2471 741 2518 enm
760 2447 906 2532 Chremes
928 2465 1088 2540 arreptum
1103 2448 1213 2520 hianda
1228 2452 1356 2542 campei-

294 2573 297 2578 ’
336 2547 407 2635 iat,
430 2542 653 2635 hortaturque,
667 2537 807 2637 aliq'nam
822 2545 868 2615 ad
881 2545 1096 2616 Menedemum
1103 2543 1273 2636 fallaciam
1286 2570 1354 2630 mn·

337 2643 450 2711 hiatur.
498 2636 610 2719 Injecit
624 2642 659 2711 in
664 2635 805 2732 sermone
821 2640 919 2729 Syrus
928 2639 1118 2710 mendacium
1132 2663 1154 2708 a
1162 2639 1200 2732 se
1208 2657 1355 2732 protem-

331 2755 408 2829 pnre
422 2732 605 2823 confidam:
627 2756 724 2804 auum
742 2735 961 2826 Corinthiam,
986 2735 1173 2827 Antiphiiae
1198 2740 1260 2827 (ita
1274 2740 1356 2806 enim

331 2828 524 2924 putabatur)
548 2824 701 2918 matrem,
724 2832 808 2899 mille
824 2830 1044 2905 drachmarum
1059 2847 1164 2901 mutuo
1180 2833 1356 2924 accepcffea

339 2924 518 3009 Bacchide:
543 2945 579 2992 ea
595 2939 738 3013 mertun,
757 2928 894 3016 puellam
905 2949 963 3018 pra
973 2929 1168 3017 pecnniaiila
1184 2928 1355 2998 arrhaboni

338 3024 491 3093 reditium.
546 3018 639 3088 Dum
661 3019 734 3089 haec
750 3037 918 3114 aguntur,
951 3024 1100 3091 annulum
1108 3021 1203 3109 sctum
1226 3025 1358 3116 agnovit

340 3116 514 3208 Sostrata,
545 3113 665 3207 ejusque
687 3113 799 3184 indicia
819 3167 831 3206 ,
863 3115 1065 3206 Antiphilam
1072 3114 1284 3207 filiamsnem
1302 3119 1358 3208 effe
1463 3131 1472 3143 '

343 3215 496 3306 cognovit.
536 3211 821 3301 Geudicexstliens,
846 3234 1034 3284 amncmrem
1050 3210 1149 3300 defert
1168 3213 1213 3281 ad
1225 3218 1356 3297 virnm3

340 3311 414 3400 qui,
438 3330 474 3376 ea
490 3306 603 3374 leviter
620 3305 804 3398 objurgata,
841 3308 877 3374 eh
893 3308 1046 3398 repertam
1062 3322 1166 3374 tamen
1173 3308 1283 3397 filiam
1296 3309 1358 3398 ipse

291 3402 306 3415 ‘
340 3423 454 3496 quaque
464 3397 593 3494 gavifits
609 3397 662 3488 est,
712 3400 795 3491 Jem
813 3407 916 3471 amnia
934 3405 1262 3494 intranqrcilleerant3
1287 3401 1358 3495 ahs·
1390 3451 1392 3462 .

340 3516 396 3591 que
410 3493 567 3567 Bacchide
576 3492 695 3586 suiset.
762 3496 825 3564 Sed
847 3514 877 3567 et
894 3501 943 3567 illi
959 3519 1073 3590 quoqne
1090 3498 1176 3565 uredo
1191 3499 1289 3566 decem
1304 3523 1358 3567 en·

341 3591 493 3662 cudendae
508 3604 598 3658 erant
614 3593 735 3682 argenti
752 3594 874 3681 minna,
905 3610 936 3661 et
948 3595 1115 3680 pericnlum
1130 3609 1220 3678 erat,
1244 3617 1281 3660 ne
1296 3595 1360 3660 aii-

342 3711 404 3783 qna
425 3710 492 3756 eam
506 3683 659 3754 Chremes
674 3687 743 3776 filii
758 3692 892 3756 amicam
917 3690 972 3779 eſj'h
987 3686 1164 3777 rescisceret.
1198 3688 1249 3755 lhi
1264 3688 1362 3773 Syrus

342 3784 449 3854 audax
477 3783 631 3870 confilium
654 3785 742 3869 mit,
774 3784 917 3874 quomedo
934 3798 963 3852 et
979 3787 1100 3873 neriqne
1115 3779 1265 3870 fenicem
1282 3831 1294 3869 ,
1326 3795 1364 3848 ut

344 3891 435 3966 erat,
462 3875 676 3968 patefaceret,
708 3894 738 3944 et
754 3880 903 3947 ccrauccde
911 3878 948 3968 se
973 3904 988 3947 e
1007 3894 1072 3946 tanc
1089 3876 1231 3965 impedito
1248 3879 1364 3969 negotia

334 3972 510 4061 expediret.
561 3972 710 4042 Primum
728 3974 824 4064 igitur
843 3974 1028 4061 Chremeti,
1061 3973 1196 4059 Reperi,
1231 3974 1364 4062 inquit,

345 4065 492 4161 quomode
507 4081 667 4159 ungentum
683 4067 894 4143 uMenedemo
903 4071 1032 4161 eripiam
1041 4091 1051 4136 .·
1080 4067 1209 4137 dicemus
1217 4070 1244 4137 ei
1253 4117 1264 4157 ,
1281 4067 1365 4138 Bac:

802 4164 879 4234 Oo
908 4183 924 4257 3
1301 4162 1366 4232 che-
