3392 5142
390 609 460 710 658
585 606 1214 678 Herueounrronumuos.

389 722 517 817 Redevi
535 717 628 789 dolia
643 715 786 805 omnia,
811 736 932 786 omnes
948 711 1066 800 serias3
1153 738 1155 746 ¹

392 823 527 904 Omnes
540 813 704 886 sollicitos
720 806 846 882 habui:
873 828 976 903 atque
993 809 1078 881 haec
1102 829 1171 879 una
1185 829 1272 878 nox,

614 945 1201 1014 CALPHURNIUS.

340 1090 343 1095 ·
395 1064 467 1129 sunt
483 1082 620 1150 genere,
643 1063 809 1144 austerum,
831 1062 935 1130 dulce,
957 1075 989 1123 et
1003 1078 1102 1127 renue.
1146 1079 1196 1141 51.
1225 1059 1434 1128 Rmvrno·

391 1161 481 1230 um]
506 1148 556 1212 Ut
568 1146 668 1230 inquit
679 1146 810 1226 Plinius,
833 1144 969 1208 Inltelia
984 1141 1076 1220 refina
1091 1144 1160 1207 vr‘no
1170 1145 1437 1210 condendo'maxi·

286 1274 295 1297 Ι
393 1255 441 1293 me
453 1233 594 1318 probatur
608 1230 733 1291 Brutia:
755 1230 833 1290 circe
849 1226 936 1313 Alpes
951 1225 1054 1309 ligneis
1068 1224 1143 1300 vcfis
1163 1229 1312 1308 cendunt,
1335 1232 1435 1293 circu·

394 1314 484 1402 lisque
503 1316 633 1397 cingunt.
676 1312 817 1373 ficantur
834 1324 934 1372 eutem
943 1311 1079 1395 pretinm
1093 1333 1113 1372 c
1124 1312 1304 1376 canicortu:
1327 1311 1433 1376 debinc

388 1398 611 1485 perfunduntur
626 1395 741 1456 marina
757 1416 832 1481 aqua
851 1408 904 1456 cut
919 1391 995 1475 ΜΔ
1012 1439 1023 1470 ,
1046 1416 1079 1455 ac
1092 1392 1156 1455 dcvi
1168 1394 1268 1456 cinere
1284 1397 1436 1476 sumenti

395 1483 595 1566 asperguntur.
638 1477 723 1541 Dum
738 1477 830 1560 igiter
845 1476 918 1539 vina
932 1475 1126 1561 aperimur,
1148 1475 1225 1539 dolia
1248 1479 1431 1542 metiemur.

399 1565 416 1600 *
439 1559 605 1644 Rurvu]
630 1559 665 1620 Id
687 1556 753 1636 est,
776 1557 942 1638 perforari.
966 1575 1047 1636 quae
1072 1558 1243 1639 perforatio
1271 1558 1341 1623 fieri
1360 1579 1432 1625 non

399 1658 542 1724 poterat,
565 1642 619 1706 niti
638 1643 722 1720 prius
738 1642 912 1705 auferretur
930 1654 984 1704 aut
1004 1645 1127 1721 lutum,
1150 1657 1204 1706 aut
1228 1643 1352 1712 limus,
1373 1657 1429 1707 eut

398 1725 529 1811 argilla,
552 1726 682 1803 corpu,
700 1739 753 1788 aut
768 1724 951 1802 resma‚aut
967 1721 1102 1808 gypsus,
1125 1718 1432 1808 qu'ibuslinebumur

394 1811 509 1879 dolie,
532 1823 584 1870 aut
602 1805 847 1888 picobeuturseu
866 1807 1125 1871 iucrustcbeutur.
1170 1808 1302 1890 Linere,
1323 1809 1369 1875 est
1384 1810 1432 1890 pi·

401 1910 491 1960 cere,
514 1892 544 1954 id
560 1889 620 1958 est,
638 1891 710 1968 :pice
728 1889 845 1970 aliquid
863 1891 961 1953 linere
977 1888 1031 1953 seu
1045 1909 1179 1988 ungere,
1202 1891 1256 1955 seu
1274 1890 1432 1957 mcvisin-

397 1974 555 2057 crnstm,
573 1987 609 2036 -et
626 1971 719 2035 alicui
733 1973 777 2035 rei
788 1971 988 2052 supposuum
1006 1971 1122 2056 aliqurd
1147 1973 1378 2058 superducere,
1398 1988 1433 2038 ut

397 2058 551 2137 parietem
575 2054 703 2121 lin-imus
728 2060 816 2119 calce
839 2070 893 2118 aut
919 2053 1038 2140 gypso,
1062 2055 1091 2118 id
1109 2056 1173 2138 est,
1196 2056 1430 2135 incrustamus;

403 2141 529 2203 dolium
544 2139 673 2203 linimus
689 2139 757 2218 pice
772 2152 832 2201 etc.
878 2134 921 2200 Et
948 2137 1222 2222 quemadmodum
1248 2160 1378 2236 retegere
1395 2139 1433 2204 fi-

398 2224 534 2308 gnificat
554 2237 680 2308 regmen
696 2221 836 2300 auferre,
861 2221 901 2284 fic
920 2236 1089 2282 nemmem
1108 2222 1262 2308 fignificat
1286 2226 1432 2289 brtumm

397 2324 572 2374 ¹amovere,
594 2324 660 2385 quo
674 2305 793 2384 ¹aliquid
810 2304 895 2384 prius
915 2302 1043 2367 linitum
1062 2322 1137 2368 erar.
1181 2303 1223 2370 Et
1248 2305 1292 2370 ita
1315 2321 1433 2370 Rerum

402 2403 514 2450 -nocm
531 2403 648 2450 omum
667 2385 837 2471 fignificat,
860 2386 979 2449 absterfi
1008 2391 1115 2450 lutum
1139 2394 1189 2453 vel
1212 2404 1327 2454 terram
1346 2407 1435 2453 rena-

315 2501 322 2512 ·
407 2489 479 2533 cem
497 2470 534 2532 ab
550 2468 697 2534 omnibus
717 2469 831 2540 doliis,
853 2482 889 2532 ut
904 2470 936 2532 in
954 2489 990 2531 ea
1008 2487 1108 2532 coena
1124 2471 1433 2553 vinumvariumap-

406 2569 587 2634 poneretur.
631 2551 754 2614 Praeter
769 2566 875 2617 autem
894 2551 1083 2632 praediuam
1101 2553 1362 2640 fignificationem
1381 2570 1434 2615 [1-

408 2644 499 2698 Nutre
518 2635 669 2717 fignificat
696 2635 790 2707 etiam
823 2636 996 2713 deturpare.
1040 2634 1117 2698 Inde
1148 2637 1285 2716 Licere,
1314 2637 1434 2717 idest,

407 2719 583 2798 deturpatio
612 2714 695 2780 feda
726 2731 902 2782 atramento
929 2716 1076 2780 ducendo
1112 2721 1229 2785 lineam
1261 2740 1313 2802 per
1350 2719 1430 2785 falsa

408 2799 542 2880 scripta,
563 2817 598 2863 ur
616 2801 682 2862 fieri
698 2796 788 2863 solet.
834 2798 1114 2884 Ouruessmrms]
1140 2805 1265 2873 Suum,
1286 2803 1429 2867 dolium:

410 2896 441 2943 et
458 2886 581 2963 proprie
596 2901 649 2945 vas
664 2881 763 2946 firme
779 2883 818 2947 de
838 2884 917 2946 limo
934 2884 1123 2965 oblongum.
1146 2885 1285 2966 Perfice,
1323 2886 1368 2949 Et
1381 2911 1396 2948 o
1404 2885 1437 2961 Ji

528 2966 586 3028 Sub
601 2967 690 3046 rastro
707 2982 801 3051 crepet
818 2968 932 3050 argenti
948 2963 1020 3027 mihi
1028 2968 1108 3048 seria
1122 2968 1225 3046 decrero
1289 2968 1435 3031 Hercule!

408 3046 431 3086 ¹*
457 3047 533 3111 lude
548 3049 669 3111 Seriule.
691 3046 832 3125 Perfius:
879 3047 1003 3109 Sericlae
1018 3051 1127 3110 veteris
1145 3068 1278 3114 metuens
1297 3053 1435 3114 deradere

404 3129 525 3193 dirum.
590 3151 638 3210 52.
667 3132 865 3193 Sotmcmos
883 3140 1020 3210 neunt]
1046 3130 1147 3194 Variis
1166 3133 1279 3197 officiis
1295 3149 1327 3197 et
1343 3132 1436 3196 mini·

562 3267 1274 3346 COMMENTARIUS.

450 3420 495 3478 51.
515 3405 633 3462 Recuvr
657 3418 754 3465 uotm
781 3419 910 3470 omem,
940 3421 1043 3464 omres
1065 3411 1196 3476 sums]
1220 3406 1271 3463 Uti
1289 3405 1383 3463 linere
1398 3404 1435 3462 est

413 3477 544 3545 obturare
553 3519 563 3547 ‚
583 3478 630 3534 ·ita
645 3474 777 3548 Retinere,
803 3479 866 3536 vasa
881 3477 1009 3537 obturata
1028 3480 1113 3547 limo,
1141 3482 1219 3558 pice,
1240 3500 1303 3540 cera
1319 3483 1438 3560 aperire.

410 3548 497 3612 'Eram
515 3570 608 3611 autem
628 3552 706 3609 dclia'
718 3557 781 3614 vasa
795 3555 921 3627 majora,
937 3552 1022 3628 seriae
1037 3556 1156 3613 minora.
1194 3556 1245 3613 Uti
1263 3576 1334 3615 vero
1351 3555 1437 3614 indo-

413 3629 455 3684 dt't's
470 3630 567 3686 vinum
585 3645 612 3685 et
629 3628 739 3698 oleum,
759 3634 799 3687 ira
816 3627 948 3700 inferiis,
970 3651 1041 3707 quae
1053 3646 1131 3687 erant
1144 3630 1206 3689 vasa
1223 3629 1339 3699 ficrilr'a,
1359 3650 1439 3709 prae·

414 3723 457 3763 ter
472 3707 543 3763 vina.
553 3704 639 3763 eriam
654 3703 691 3762 sal
707 3723 734 3761 er
750 3704 909 3762 salsamenta
925 3705 1111 3765 servabantur.
1150 3705 1285 3777 Plautus,
1304 3710 1386 3786 Capt.
1394 3709 1442 3764 IV.

412 3803 440 3851 4.
456 3799 483 3853 9.
504 3788 600 3836 Cocum
613 3780 830 3859 percontabatur,
844 3778 969 3855 peffe'ntne
986 3780 1070 3842 seriae
1080 3780 1245 3856 fervescere?
1284 3781 1357 3841 Vide
1372 3800 1442 3860 por·

414 3875 447 3912 ro
462 3858 621 3914 Comment.
638 3858 785 3930 majorem.
1212 3924 1214 3927 ¹

454 3947 496 4004 32.
519 3935 629 3990 Omms
656 3949 823 3990 soccrcrros
851 3937 976 3998 neem]
1004 3933 1040 3990 H.
1061 3952 1085 3990 e.
1114 3937 1283 3992 Commoros
1301 3930 1443 4012 variisque

409 4006 570 4064 ministeriis
588 4007 722 4066 distridtos
738 4007 855 4067 reddidi.
892 4006 1018 4074 Plautus,
1028 4009 1213 4068 Menaeclrm.
1231 4011 1279 4067 IV.
1290 4024 1314 4067 2.
1327 4023 1373 4065 20.
1385 4007 1444 4064 δι’σ-

415 4095 447 4138 ut
462 4101 503 4139 me
521 4078 594 4141 hodie
610 4082 689 4141 nimis
705 4082 854 4143 sollicitum
865 4084 940 4143 cliens
952 4081 1073 4157 Qidam
1085 4081 1190 4143 habuit.
1229 4082 1274 4143 Est
1289 4104 1359 4148 vero
1371 4081 1445 4166 [elli-

1015 4191 1021 4200 -
1372 4172 1440 4214 uta·
