3392 5142
387 601 477 689 .698
605 601 1235 674 Hrrueourrmonumunos.
1339 592 1360 643 ⁹

397 714 485 787 Mea
498 707 670 807 Phrygia,
696 709 837 804 audisti,
863 711 970 784 modo
986 709 1047 783 iste
1062 710 1170 782 homo
1186 725 1297 804 quam
1312 702 1429 779 villam

539 804 784 880 demonstravit

395 902 569 976 Charini?
593 902 659 973 Ph.
685 902 826 975 Audivi.
852 905 917 975 Ba.
943 904 1145 976 Proximam
1157 892 1224 972 effe
1239 897 1331 973 huic
1347 895 1427 972 fun·

523 998 586 1071 .do
601 998 641 1069 ad
658 995 843 1071 dextram?
866 999 934 1075 Pb.
959 1001 1121 1074 Memini.
1390 1018 1430 1067 10

394 1098 461 1170 Ba.
486 1093 671 1165 Curriculo
694 1118 882 1190 percurre:
906 1096 1000 1192 apud
1023 1119 1105 1167 eum
1129 1092 1226 1165 miles
1252 1089 1429 1187 Dionyfit

539 1215 558 1260 a
586 1208 658 1261 rtat.

395 1280 449 1378 Sy'.
475 1213 584 1382 Qridg
592 1287 674 1357 haec
692 1287 877 1383 inceptat?
899 1291 965 1360 Ba.
990 1289 1062 1361 Dic
1079 1309 1135 1360 me
1149 1285 1209 1358 hic
1217 1281 1360 1384 oppido
1367 1278 1427 1356 eise

537 1383 703 1474 invitam,
726 1403 829 1479 atque
844 1384 1024 1458 adservari:

393 1479 529 1552 Verum
551 1477 666 1575 aliquo
690 1479 792 1574 padio
816 1480 920 1552 verba
944 1503 1001 1553 me
1025 1481 1077 1554 his
1100 1479 1257 1552 daturam
1281 1470 1371 1568 esse,
1394 1491 1427 1548 et

434 1624 438 1629 -
536 1593 726 1646 venturam.

642 1686 1181 1758 CALPHURNIUS.

394 1787 570 1871 odiumque
595 1790 808 1858 monstrantis.
836 1862 839 1867 ,
874 1813 905 1875 9.
928 1794 1016 1860 Mun
1044 1791 1238 1877 Punicum]
1280 1789 1359 1855 Hoc
1385 1788 1426 1854 eii

394 1872 559 1957 proprium
575 1871 767 1943 meretricis,
790 1883 878 1941 uitro
895 1880 1061 1942 excludere
1078 1890 1259 1944 amantem,
1284 1874 1426 1939 etalium

392 1955 547 2036 recipere,
568 1960 617 2018 vel
633 1954 665 2017 se
679 1957 717 2019 ad
734 1959 998 2027 oliumconferre.
1042 1959 1229 2042 Panion]
1252 1955 1428 2023 Nomenti

393 2041 542 2122 regione,
565 2036 652 2101 sicuti
671 2038 799 2110 Lesbia,
820 2045 956 2114 Andria,
975 2044 1085 2105 Samia.
1127 2042 1239 2119 Quin
1256 2040 1424 2124 vuum-,J

395 2119 528 2189 Virri,
547 2120 663 2184 domos
680 2124 712 2185 in
731 2126 831 2206 agris,
855 2143 921 2205 qno
939 2124 1042 2190 ruiiioi
1062 2143 1110 2188 res
1140 2127 1280 2203 vehunt,
1304 2136 1336 2187 et
1357 2139 1427 2184 ere·

394 2205 484 2267 hunt.
512 2205 592 2288 Virg.
616 2203 659 2267 Et
670 2208 737 2287 jam
745 2208 864 2288 summa
874 2209 980 2294 procul
992 2209 1132 2271 villarum
1149 2206 1280 2273 culmina
1288 2207 1422 2284 fumant.

399 2286 516 2350 Uterer
543 2289 678 2350 Varronis
705 2289 884 2354 testimonio
909 2294 1074 2372 exprimo
1099 2291 1139 2353 de
1162 2291 1214 2354 Re
1231 2287 1362 2352 Rustica
1383 2288 1422 2352 ad

279 2356 296 2395 ⁸
397 2366 616 2460 Fundaniam,
640 2369 694 2432 nii
717 2386 833 2437 notum
849 2370 934 2437 effer.
1000 2392 1049 2437 ιο.
1081 2371 1135 2436 Ad
1149 2382 1349 2450 Dormio]
1374 2370 1426 2434 in·

372 2450 483 2515 'ducit
499 2470 676 2517 memorem
695 2457 912 2526 meretricem,
935 2476 994 2522 nec
1010 2452 1142 2519 oblitam
1149 2455 1204 2520 ubi
1222 2455 1278 2525 iit,
1299 2451 1418 2536 etquid

395 2548 467 2625 agat
484 2551 605 2596 amans.
629 2552 704 2597 nam
722 2537 943 2618 hujuscemodi
960 2540 1107 2604 mulieres
1129 2541 1174 2602 nil
1199 2537 1287 2605 aliud
1301 2550 1419 2619 agunta

395 2622 440 2680 ml
458 2616 544 2683 aliud
570 2633 701 2699 curent,
725 2639 823 2700 quam
844 2622 1012 2703 quomodo
1036 2620 1152 2705 aliquid
1173 2622 1213 2683 ab
1243 2616 1419 2684 amentibus

394 2713 612 2782 extorqueant.
680 2719 728 2763 ιι.
752 2701 1002 2784 Commune]
1028 2702 1103 2766 Hoc
1120 2710 1196 2768 loco
1218 2702 1420 2771 adverbium,

392 2785 469 2845 alias
494 2800 625 2845 nomen.
671 2781 770 2845 Aruo
787 2790 1018 2873 enumero]
1043 2787 1109 2851 Hic
1128 2787 1170 2850 eii
1189 2784 1229 2849 de
1249 2802 1317 2881 quo
1334 2783 1422 2865 supe·

393 2866 458 2926 rius
474 2861 590 2943 Syrnr,
618 2864 704 2929 Nam
720 2871 855 2950 miserum
874 2873 1016 2960 quendam
1034 2871 1143 2953 offendi
1157 2869 1197 2930 ibi
1205 2868 1350 2935 militem,
1375 2865 1420 2928 E·

386 2947 440 3028 jus
456 2949 565 3009 nollem
582 2963 731 3026 orantem3
753 2949 822 3014 haec
839 2970 904 3014 arte
919 2954 1062 3016 tractabat
1087 2956 1199 3016 virum.
1246 2949 1420 3013 Dromon

393 3040 553 3108 norrun]
577 3030 679 3093 Aliter
697 3048 829 3097 norror
851 3034 1026 3118 accipitur,
1046 3052 1148 3117 quum
1176 3029 1311 3097 dicimus
1327 3034 1420 3119 agitor

392 3114 530 3175 convivia
545 3128 575 3174 er
590 3113 746 3202 Dionysta:
768 3130 798 3177 et
816 3114 903 3181 aliter
919 3137 1021 3198 quum
1045 3118 1200 3194 dicimur,
1221 3114 1317 3198 agitat
1333 3115 1419 3178 viria.

392 3192 573 3338 {cornelia
616 3200 695 3259 Haec
712 3216 760 3281 ego
778 3222 833 3262 non
851 3200 979 3284 agitem?
1025 3218 1074 3263 ιι.
1098 3200 1194 3282 Qum
1211 3200 1418 3278 merirum]

430 3295 570 3359 anquam
585 3275 624 3340 de
640 3297 758 3364 magno
775 3281 918 3345 facinore
933 3283 1019 3347 dixit.
1043 3302 1119 3346 nom
1138 3283 1286 3366 receptare
1302 3292 1335 3343 et
1348 3280 1423 3343 inci·

386 3376 487 3445 pere,
519 3377 711 3448 magnorum
735 3362 777 3426 est
800 3364 991 3430 facinorum.
1036 3365 1198 3428 seuvini.
1256 3360 1424 3443 quodiri:

394 3446 443 3506 vel
467 3446 583 3505 melius
601 3495 612 3525 ,
633 3446 783 3530 suspiciose
805 3450 978 3529 obftrvari:
1005 3463 1041 3512 ut
1072 3448 1153 3512 illud
1218 3439 1419 3545 upilionum,

576 3546 1228 3617 COMMENTARIUS.

432 3649 473 3694 ιι.
485 3638 663 3692 Cunicuro
683 3640 863 3702 unicornu]
883 3638 927 3694 Ita
936 3634 1062 3704 Plautus,
1078 3633 1151 3697 Rud'.
1161 3636 1213 3693 HL
1223 3636 1251 3694 6.
1268 3646 1313 3705 17.
1335 3636 1421 3688 cum

392 3710 518 3769 curriculo
527 3709 643 3767 domum.
664 3712 697 3769 Et
710 3710 804 3790 pessim
816 3709 891 3769 alibi.
911 3707 1045 3768 Afranius
1054 3712 1083 3768 in
1093 3708 1261 3787 Repudiato:
1272 3714 1334 3785 Agr
1341 3746 1352 3779 ‚
1360 3724 1423 3767 cur·

391 3808 421 3846 re
431 3788 530 3847 cursim
538 3787 576 3845 ad
584 3785 736 3864 Numissum
744 3787 847 3843 occuito.
887 3784 1008 3843 Estvero
1017 3784 1195 3856 curriculum,
1213 3784 1293 3865 quod
1301 3780 1420 3845 cursori·

391 3864 442 3921 bur
460 3861 627 3922 certantibus
640 3862 829 3923 emetiendum
838 3862 956 3941 spatium
966 3859 1003 3917 est
1010 3860 1174 3939 praefixum.
1259 3906 1262 3913 .

430 3943 586 3999 Dionism
602 3945 746 4008 notrum]
772 3939 1013 4016 Supra1.1.110.
1051 3933 1252 3996 Hec.1.2.18.
1280 3932 1422 4007 ovidius,

389 4017 664 4089 Metam.V11.431.
685 4018 789 4092 agitant
799 4012 930 4072 convivia
938 4025 1032 4088 parrer.
1074 4013 1243 4083 Suetonius,
1262 4008 1364 4075 Chod-
1375 4022 1430 4093 31,-

306 4104 311 4111 ’
392 4091 535 4153 Convivia
551 4092 665 4168 agitavit
682 4105 708 4149 er
722 4089 813 4168 ampla
829 4103 855 4148 er
872 4084 978 4164 affidari.
1305 4154 1308 4161 ,
1361 4160 1407 4219 n
