3392 5142
403 660 468 712 am.
518 634 626 724 Eam,
660 653 755 728 qaum
778 633 987 727 adolevisset,
1019 634 1155 729 unusque
1178 632 1269 708 illius
1283 635 1365 729 filiu
1375 620 1427 728 ρι·
1465 624 1471 679 '-

407 745 562 821 taretur,
594 730 771 803 Menedemi
786 731 881 822 filius
904 734 1014 801 Clinia
1029 734 1152 824 perdite
1177 755 1289 802 amare
1303 736 1430 825 coepit,

403 848 500 922 prope
514 827 588 918 jum
605 841 640 895 ut
651 846 710 917 pro
726 850 821 896 uxore
837 826 986 896 haberet:
1009 828 1092 920 quod
1105 829 1159 898 ubi
1180 826 1310 921 rescivit
1320 843 1429 922 potet,

411 927 461 994 ita
477 925 628 992 violenter
649 922 746 1010 tulit,
771 921 943 1012 utfilinm,
966 922 1146 1011 affiduitatc
1151 924 1332 1018 jurgandi,
1358 927 1431 995 cloto

413 1021 588 1089 militatum
611 1020 645 1086 iu
671 1022 781 1102 Asam
802 1017 889 1086 chire
911 1021 1051 1112 coegerit.
1109 1017 1189 1088 Tum
1213 1042 1290 1089 vero
1306 1019 1431 1113 quifilh‘

413 1137 548 1185 amorem
573 1114 678 1205 iniquo
708 1115 812 1182 animo
836 1115 983 1201 tulerat,
1016 1115 1114 1183 multo
1130 1117 1285 1207 iniquiore
1306 1112 1433 1208 ejusdem

412 1208 583 1301 absentiam
600 1207 690 1300 ferre
713 1210 817 1298 coepit.
884 1209 999 1301 Itaque
1021 1225 1058 1278 ut
1079 1209 1117 1277 dc
1123 1207 1162 1301 se
1172 1207 1367 1302 stupplicium
1381 1210 1431 1280 oh·

404 1305 492 1400 scuti
504 1304 720 1396 filio'daret,
753 1307 808 1395 qui
832 1325 901 1370 curu
917 1305 1063 1396 saevitia
1079 1302 1144 1396 sua
1166 1306 1308 1399 euegcffet
1332 1330 1372 1375 ex
1385 1328 1433 1374 ae·

315 1436 327 1447 -
413 1401 531 1492 dibus,
564 1401 680 1488 aedes,
702 1394 971 1490 steppelletiilem,
995 1397 1167 1490 familiam·
1188 1400 1322 1489 vendit,
1341 1420 1432 1491 prae·

414 1511 491 1586 ter,
522 1495 577 1590 qui
591 1490 684 1590 servi
698 1494 744 1562 ad
756 1513 828 1584 opus
844 1497 915 1564 rari
928 1492 1112 1583 faciendum
1134 1497 1227 1565 utiles
1248 1509 1364 1565 erunt:
1388 1497 1433 1564 iu·

410 1608 589 1687 gentemque
601 1590 669 1678 fibi
692 1611 804 1682 agrum
827 1606 1015 1681 comparat,
1058 1592 1111 1660 ahi
1133 1613 1154 1659 a
1171 1594 1282 1682 prima
1304 1593 1373 1683 vlu'ce
1394 1589 1436 1660 od

402 1686 531 1756 'nostem
554 1706 613 1752 uon
626 1682 739 1775 servos
761 1687 848 1756 modo
872 1701 1050 1772 exerceret,
1081 1709 1192 1755 verum
1215 1689 1316 1757 etiam
1329 1724 1346 1777 .·,
1381 1684 1432 1754 ho·

353 1804 356 1808 ’
416 1804 466 1852 uuo
479 1780 731 1873 sexagenarius,
765 1778 954 1867 semitutum
977 1780 1097 1872 miseris
1119 1781 1218 1852 modis
1242 1784 1433 1852 excruciaret

407 1873 515 1969 ficum.
579 1873 726 1965 Profecto
751 1877 885 1966 Clinia,
927 1876 1105 1964 Philtera,
1136 1899 1243 1970 quae,
1277 1892 1315 1946 ut
1338 1878 1407 1946 dixi
1419 1927 1433 1968 ,

416 1969 604 2062 Antiphilae
613 1972 791 2059 putabatur
807 1987 909 2040 mater
924 2022 936 2061 ,
969 1989 1140 2040 extremum
1155 1976 1245 2041 vitae
1259 1973 1343 2042 diem
1356 1995 1434 2041 mor·

416 2082 448 2137 te
472 2065 609 2158 confecit.
673 2068 801 2154 Clinia,
833 2091 927 2159 quum
941 2067 1016 2158 jam
1038 2066 1148 2159 necesses
1175 2082 1239 2137 tres
1260 2067 1431 2160 ahsuisit,

417 2167 535 2234 amicae
552 2161 697 2253 dcstdcrio
713 2159 855 2254 ceverstss
874 2211 886 2250 ,
917 2186 976 2232 uon
990 2161 1082 2248 ausus
1097 2161 1138 2252 est
1155 2165 1249 2253 patri
1261 2162 1302 2256 se
1318 2167 1354 2232 iu
1368 2186 1431 2233 cou-

408 2258 549 2352 spcllum
575 2257 672 2347 dare,
705 2260 870 2349 antiquam
891 2261 978 2328 illius
1000 2257 1199 2351 asperitatem
1220 2261 1366 2347 veritus,
1381 2257 1436 2350 sid

417 2355 463 2422 od
477 2351 702 2445 Clitiphonem,
720 2353 893 2424 Chremetis
900 2354 1029 2445 filium,
1043 2353 1199 2444 divertit,
1216 2356 1343 2446 quicum
1352 2376 1433 2446 mag·

307 2470 310 2475 ·
418 2471 460 2520 na
481 2453 538 2542 ipſs
551 2475 573 2518 a
582 2467 679 2537 puero
693 2447 910 2539 familiaritas
934 2449 1150 2537 interceffinat.
1207 2449 1368 2540 Clitipho,
1384 2449 1433 2536 so·

417 2543 501 2614 dalis
523 2547 626 2614 reditu
649 2545 776 2636 lactus,
814 2543 928 2631 Syrum
949 2559 980 2616 et
1005 2544 1194 2614 Dromonem
1208 2544 1324 2637 servos
1350 2545 1431 2634 (jan

417 2653 523 2710 antem
545 2637 834 2732 advesperascebat)
860 2641 895 2708 iu
911 2639 1036 2728 urbem,
1062 2640 1107 2708 od
1119 2640 1326 2730 arceseudam
1342 2642 1433 2708 Auti-

410 2733 564 2826 philam,
604 2738 717 2804 mittit.
783 2732 978 2826 Enposteerat
1006 2758 1039 2804 eo
1070 2733 1133 2825 ipso
1163 2737 1214 2804 die
1237 2735 1434 2806 Menedemus

420 2827 597 2920 Chremeti,
629 2830 815 2924 quautofihi
828 2830 973 2918 defiderio
987 2831 1058 2921 ψ
1065 2829 1179 2922 filius:
1196 2851 1316 2921 purum
1331 2846 1368 2898 nt
1383 2830 1433 2900 al·

409 2919 544 3015 fuerit,
575 2929 650 3018 quin
667 2924 838 3013 Chremes,
870 2948 965 3016 qucum
981 2928 1121 3016 primam
1142 2926 1179 2993 de
1194 2927 1300 2994 reditu
1317 2926 1435 2995 Cliniae

418 3023 559 3111 accepit,
591 3024 729 3091 mitteret
745 3026 799 3116 qui
813 3025 842 3089 ei
857 3024 1018 3089 numiaret
1028 3044 1040 3089 .·
1071 3023 1222 3089 continuit
1241 3018 1393 3114 tamense
1407 3022 1436 3087 iu

420 3114 502 3184 diem
511 3115 685 3207 posterum,
711 3119 793 3210 quod
803 3117 853 3184 ita
868 3118 967 3208 magis
981 3139 997 3184 c
1011 3138 1045 3184 re
1060 3117 1145 3185 illius
1152 3115 1364 3208 sorecenserct
1383 3116 1436 3203 Sp·

418 3230 492 3299 rus,
507 3209 635 3302 ficmmu
643 3212 761 3303 servm
776 3227 807 3282 et
824 3209 978 3298 audacia,
992 3209 1178 3300 consutio:
1201 3214 1361 3303 quiquam
1370 3214 1439 3280 An-

419 3303 566 3393 tiphilam
590 3322 717 3377 tantum
739 3304 991 3397 arcefferejuffics
1007 3306 1105 3397 effet,
1139 3309 1236 3374 etiam
1253 3306 1440 3376 Bacchidem

419 3398 564 3473 adduxit.
613 3403 700 3472 Erat
716 3402 790 3473 haec
804 3405 972 3490 meretrix,
994 3421 1130 3489 procax,
1149 3417 1275 3491 potens,
1292 3400 1438 3494 sucmptu·

419 3491 470 3586 ossi
489 3546 500 3585 ,
533 3497 670 3587 nohilis,
702 3498 831 3588 cujasse
848 3517 952 3566 amore
969 3496 1058 3565 haud
1079 3499 1127 3565 ita
1138 3495 1261 3584 pridem
1277 3501 1439 3566 inretierat

296 3632 300 3637 ·
420 3591 570 3683 Clitipho.
620 3594 879 3693 Quincunces
896 3591 1087 3662 Chremetem
1097 3593 1229 3678 lateret,
1252 3589 1310 3660 hoe
1325 3593 1440 3684 confili-

417 3709 472 3765 um
488 3691 635 3780 capiuut,
662 3702 699 3757 ut
715 3689 902 3759 Bacchidem
917 3687 1040 3782 quidem
1055 3690 1188 3755 amicam
1199 3687 1347 3778 Cliniae,
1377 3690 1441 3756 An·

418 3782 566 3872 tiphilam
582 3807 657 3852 vero
674 3790 769 3854 unam
786 3785 822 3853 de
835 3784 1051 3854 iiliusaucillis
1064 3783 1326 3874 effesmularent.
1379 3785 1440 3852 Po·

410 3877 524 3969 stridie
540 3902 628 3948 marce
652 3878 795 3949 Chremes
802 3881 847 3948 ad
854 3880 1069 3951 Menedemum
1077 3878 1209 3947 diluculo
1212 3876 1443 3972 proficiscitur,

304 3978 311 3993 '
417 3988 448 4041 et
461 3975 582 4064 rediise
593 3977 731 4044 Cliniam
740 3977 877 4044 nuntiat.
929 3973 1241 4067 Illegaudioameus,
1257 3974 1440 4065 filiumjam

406 4066 619 4162 jam'videre,
639 4072 784 4165 jamjam
797 4072 961 4164 ampleo‘li,
977 4068 1123 4163 jamjam
1141 4066 1436 4163 eisesuaqueomuia

1262 4232 1267 4243 .
1366 4181 1437 4256 pel·
