3392 5142
370 636 451 730 ‘676
529 695 554 733 a
588 626 1226 704 HuAunounruouumnuos.

380 752 441 826 Ch.
466 748 547 848 Ego
575 747 662 820 istuc
686 745 826 822 curabo.
864 747 921 838 Sy.
946 744 1058 836 Atqui
1081 766 1195 834 nunc,
1212 740 1336 833 ·here,
1361 740 1423 812 hic

526 844 591 917 tibi
605 842 824 916 adservandos
838 842 899 916 est.

384 943 445 1017 Ch.
474 941 575 1016 Fiet.=
590 941 643 1031 Sy.
661 942 699 1014 Si
712 939 825 1035 sapias.
849 962 929 1011 nam
937 934 1025 1023 mihi
1039 936 1108 1031 jam
1126 937 1262 1025 minus,
1288 929 1426 1004 minus·

276 1097 280 1105 .
528 1061 594 1135 que
607 1034 837 1132 obtemperat.

387 1135 449 1210 Ch.
473 1132 574 1230 Qud
595 1129 665 1205 tu?
693 1129 815 1228 ecquid
839 1128 883 1201 de
906 1129 995 1222 illo,
1021 1126 1115 1226 quod
1140 1124 1272 1199 dudum
1300 1143 1425 1196 tecum

528 1251 607 1396 eff,
630 1226 750 1320 egisti,
776 1223 883 1320 Syre?
907 1236 966 1297 aut'
1246 1316 1254 1330 ·

386 1325 544 1426 Repperi
575 1327 608 1416 i,
632 1321 697 1393 tibi
712 1321 806 1420 quod
822 1320 977 1418 placeat?
993 1343 1036 1392 an
1044 1315 1197 1402 nondum
1206 1314 1342 1387 etiam?
1370 1317 1425 1404 Sy.

532 1421 590 1492 De
606 1417 739 1490 fallacia
1382 1430 1428 1506 35

240 1535 243 1547 '
366 1513 518 1594 ·Dicis?
540 1513 587 1586 st!
613 1513 728 1584 inveni
744 1533 852 1605 nuper
870 1510 1053 1610 quandam.
1079 1509 1140 1582 ch.
1164 1507 1273 1603 Frugi
1292 1530 1342 1578 es.
1369 1529 1425 1578 ce·

533 1610 601 1703 do,
624 1605 796 1702 quidest?
825 1653 827 1661 ι
998 1663 1000 1665 .
1319 1651 1322 1654 -

391 1715 446 1800 Sy.
472 1708 622 1780 Dicam:
651 1725 777 1849 verum>
780 1755 793 1795 ‚
801 1720 840 1775 ut
856 1702 948 1775 aliud
956 1724 1000 1775 ex
1008 1701 1075 1774 alio
1092 1699 1227 1774 incidit.
1251 1695 1426 1797 enquid·

298 1914 301 1919 '
338 1970 342 1977 .
378 1845 459 1992 ny.
474 1800 803 1972 Pedldttda’hiddeest
827 1895 1002 1967 meretrix.
1037 1893 1099 1965 Ch.
1124 1893 1178 1965 Ita
1193 1890 1347 1963 videtur.
1373 1890 1427 1978 Sy.

540 1992 655 2064 Immo
673 1987 698 2058 fi
714 1987 805 2059 scias.
1069 2069 1071 2073 Ι
1348 2038 1352 2044 .

397 2089 498 2166 Vah!
526 2074 743 2254 vggrpnpppad
758 2085 915 2180 inceptet
928 2082 1069 2156 facinus.
1097 2082 1429 2182 fuitquaedamanus

648 2334 1187 2433 cnueuuunrun

401 2459 495 2540 dicit,
517 2464 570 2524 vel
589 2456 692 2522 servili
709 2476 799 2521 more
815 2457 914 2522 astute
940 2458 1050 2525 tradat
1076 2460 1193 2524 senem.
1260 2479 1309 2544 34.
1332 2461 1442 2539 Quo'

401 2543 487 2639 ru?]
512 2540 597 2604 Bene
613 2553 724 2604 amoto
743 2540 812 2621 filio
829 2540 869 2602 de
883 2540 1010 2607 fallacia
1025 2561 1096 2626 erga
1124 2543 1356 2607 Menedemum
1372 2557 1427 2600 ex-

402 2625 508 2705 quint.
551 2622 607 2687 Du
628 2633 739 2702 mco]
775 2623 826 2685 Sic
847 2620 952 2686 dicere
980 2624 1105 2692 solent,
1126 2626 1181 2708 qui
1205 2626 1244 2688 de
1269 2645 1301 2688 te
1324 2625 1430 2706 aliqua

370 2733 373 2737 ·
400 2705 669 2792 peragendaintet
693 2704 725 2767 se
748 2709 936 2787 loquuntur.
1001 2724 1052 2790 37.
1075 2707 1135 2771 Ur
1157 2724 1267 2771 neruo
1286 2722 1327 2769 ux
1349 2721 1430 2768 amo

403 2790 572 2872 1N01n1T.]
598 2787 709 2859 Multa
726 2785 786 2849 effe
796 2789 905 2873 fingit,
929 2802 964 2852 ut
980 2790 1177 2854 veritimilius
1193 2790 1314 2874 siquod
1334 2791 1443 2853 finio·

403 2873 453 2935 rit.
499 2870 549 2954 38.
563 2870 730 2933 dissum
752 2885 842 2931 nanc
864 2885 1145 2954 innumerum]
1170 2871 1383 2952 Contrarium
1395 2873 1433 2933 il·

404 2954 461 3017 lud
479 2954 565 3038 quod
584 2949 723 3033 superius
739 2952 832 3020 dixit,
854 2954 970 3017 Mulier
987 2959 1131 3020 commoda
1152 3003 1163 3033 ,
1186 2972 1214 3017 et
1223 2957 1346 3033 ficeta,
1368 2954 1434 3015 haec

405 3039 445 3117 est
461 3036 614 3099 meretrix.
660 3033 719 3096 Sed
742 3036 804 3116 hoc
832 3039 908 3099 loco
934 3032 1111 3100 ues'suuau
1132 3043 1268 3119 appellat
1292 3057 1300 3100 :
1325 3051 1434 3117 utpote

408 3137 488 3261 puae
503 3132 606 3180 teneat
627 3116 799 3201 virginem,
822 3137 920 3205 quam
938 3117 1033 3200 Syrus
1053 3121 1097 3183 illi
1121 3121 1252 3182 relidam
1284 3119 1437 3182 arrhaboni

435 3201 519 3284 ngit:
544 3214 574 3262 et
590 3201 666 3263 haee
682 3199 723 3262 est
740 3205 848 3265 valens
864 3197 968 3265 caussa
993 3203 1032 3266 ad
1057 3201 1313 3283 extorquendum
1328 3221 1438 3286 argen-

411 3297 493 3345 tum.
559 3300 608 3364 39.
635 3281 839 3361 lucerna]
863 3283 992 3368 Incipere
1009 3301 1039 3347 et
1054 3287 1220 3372 inceptare,
1242 3300 1436 3367 magnorum

358 3374 366 3405 ⁸
407 3364 449 3428 est
468 3362 649 3429 facinorum
666 3381 696 3428 et
714 3362 872 3429 audaciae.
916 3369 955 3430 lu
976 3368 1138 3432 Eunucho
1157 3416 1167 3448 ,
1192 3367 1276 3453 Quid
1288 3368 1437 3452 inceptas,

594 3498 1270 3627 commssuunuum4

412 3676 460 3769 ξς
478 3665 605 3719 Aetatem
613 3658 738 3748 adultum
746 3661 855 3748 seruant
864 3644 1022 3735 diligentius.
1061 3657 1118 3718 Ubi
1126 3657 1190 3717 vide
1206 3657 1249 3715 Cl.
1259 3661 1355 3718 Burni.
1371 3670 1400 3714 et
1409 3649 1441 3711 ad

412 3736 1093 3897 lcgpopnuspRevtAffirpsctplgflpggqperziervandus·
1120 3809 1262 3881 Catullus,
1280 3809 1387 3869 XVIII.
1399 3818 1442 3876 ις.

568 3893 605 3941 Et
612 3886 697 3961 puelia
708 3886 827 3973 teneiiulo
836 3887 968 3978 dtireatier
976 3887 1075 3974 haedo,
1104 3958 1113 3974 .
1206 3897 1208 3900 ⁴

453 4051 496 4110 37.
517 3962 1327 4123 UrAdiirddndiatmigger),,iiidiiiiiiltmitzvgdlinffiliauus‚
1356 4026 1444 4094 Instit.¹

390 4110 462 4171 ix.
485 4126 510 4171 2.
531 4112 619 4172 Areua
629 4135 661 4175 ex
670 4115 722 4176 aiio
723 4116 857 4197 stercurrit
865 4117 939 4177 mihi.
1331 4188 1445 4261 ΜΕ·
