3392 5142
1154 500 1162 529 Ι

340 584 681 669 ianieffiatirrareiur.
725 579 836 657 Thais,
855 575 1142 665 airaegrandiascula
1151 592 1234 657 erat,
1256 575 1408 666 qumi

340 665 731 751 eumaetutemperveniffit2
747 685 780 729 ut
790 656 1088 752 urriiplaecerepmseu
1097 676 1291 731 maternam,
1302 656 1400 751 utfit,

337 750 461 815 uiuendi
467 751 610 812 ratisaem
619 749 758 833 insecuta,
767 772 834 813 cum
844 749 949 836 hospite
958 748 1081 835 quodam
1090 746 1230 810 Athenas
1238 746 1398 831 venit,qut
1463 746 1466 763 ²

340 833 507 917 eampostea
516 833 640 895 moriens
648 832 800 896 haeredem
811 831 941 921 reliquit.
971 830 1091 894 Interea
1099 828 1200 909 miles,
1217 824 1343 910 ssusa
1351 848 1399 887 m·
1463 838 1467 873 ·'

341 916 482 996 mim,ad
487 916 666 999 eansadjscit
675 918 828 982 animum:
867 938 995 1004 utrmque
1004 936 1072 977 cum
1080 937 1114 977 ea
1118 930 1177 1000 per
1186 911 1402 1003 aliquodtem·
1475 956 1477 963 =

332 1015 393 1089 pus
402 998 604 1082 eonsuevrfflm
618 1000 651 1060 in
660 999 784 1064 Cariam
785 938 934 1089 prphdus
942 1000 992 1079 est.
1028 988 1159 1061 'Thaidis
1175 1008 1402 1143 mater'pereos

338 1083 503 1144 hesvitam
513 1098 606 1145 morte
613 1100 859 1151 commutaverat,
868 1082 968 1162 frater
989 1104 1024 1144 ue
1033 1081 1061 1167 ip
1073 1103 1119 1145 ius
1129 1077 1273 1167 Pamphi
1286 1098 1342 1140 am
1351 1098 1400 1138 ve·

337 1163 434 1233 nalem
438 1169 635 1251 proposuerat,
635 1169 758 1251 sperans
767 1167 956 1256 eam,quodet
958 1107 1083 1247 lormasa
1091 1164 1174 1246 efflet,
1183 1180 1216 1225 et
1219 1164 1346 1244 fidibus
1346 1160 1405 1243 sci·

338 1264 396 1330 rget,
403 1247 558 1333 praeclare
565 1272 585 1313 a
584 1252 619 1332 se
627 1252 781 1315 uenditum
789 1254 839 1314 iri.
882 1247 1092 1327 Forteaccids't,
1110 1264 1145 1311 ut
1154 1268 1187 1309 eo
1195 1247 1259 1332 ipfir
1266 1261 1402 1332 tempere

338 1328 461 1395 Thaidis
471 1348 585 1395 amator
592 1333 675 1396 miles
682 1332 751 1417 effet
759 1334 858 1398 Rhodi
866 1356 877 1395 .·
895 1334 959 1420 qui,
969 1332 1221 1397 harumamnium
1232 1353 1346 1397 rerum
1356 1329 1401 1391 in·

331 1416 423 1497 scius,
438 1413 629 1502 Pamphilam
638 1421 721 1493 emit;
732 1434 767 1479 ut
775 1417 855 1501 effe’t,
864 1420 941 1505 quud
947 1419 1071 1484 amicae,
1085 1413 1224 1476 Athenas
1236 1417 1401 1499 reversas,

337 1498 510 1568 denudaret.
534 1493 638 1579 Thais,
666 1500 768 1580 rosella
776 1499 883 1568 milite,
897 1499 987 1563 aliam
998 1499 1190 1562 conditionem
1201 1496 1400 1586 quaesterati

337 1582 518 1663 adjunxerat
538 1604 574 1645 ue
573 1580 632 1659 fibi
641 1514 1041 1666 h’huedriampdolescentem
1049 1575 1403 1664 Atheniensem,Lache·

338 1668 379 1727 tis
380 1665 493 1745 filium.
519 1603 714 1729 lnaudiverat
722 1666 843 1729 interim
853 1667 944 1728 etiam
953 1664 1106 1755 aliquidde
1115 1660 1302 1750 Pamphila3
1314 1665 1401 1747 jam·

338 1770 396 1836 que
403 1747 571 1825 cumfratre
580 1744 666 1835 iphus
672 1747 830 1817 Chremete
838 1749 879 1812 ali
900 1752 989 1813 uoties
998 1749 1146 1827 collocuta,
1157 1770 1188 1809 ea
1192 1762 1400 1833 perveneram

337 1846 374 1893 at
382 1853 439 1892 eon
446 1830 540 1893 dubiis
547 1830 664 1896 indiciis
672 1830 859 1918 intelligeret,
862 1774 990 1917 hrorem
999 1832 1076 1896 illius
1086 1831 1151 1915 effe,
1162 1835 1359 1920 quaesecum
1369 1833 1400 1890 irs

338 1914 481 1975 maternis
490 1913 607 1977 aedibus
616 1916 739 1979 educata
740 1916 829 1995 feret.
855 1918 1040 2002 Summopere
1058 1917 1192 2003 cupiebat
1199 1915 1305 1997 igitur
1313 1936 1400 1977 aeca-

330 1992 504 2075 fioaemfihi
513 1995 643 2085 aliquam
650 2000 727 2078 dari,
738 2025 796 2088 qua
807 2000 998 2087 Pamphilam
1020 2001 1065 2063 uis
1075 1999 1261 2080 restituerer,
1282 2000 1399 2061 eadem-

339 2079 488 2167 quefalhm
496 2080 774 2167 etpuellamsummo
784 2083 910 2162 afficeret
918 2003 1062 2164 heredia,
1075 2100 1103 2145 et
1104 2084 1353 2229 propinquorum
1362 2081 1399 2143 il·

338 2166 396 2251 e'iup
404 2164 539 2227 amicitia
542 2164 681 2242 fortunas
691 2168 880 2250 constabiliret
881 2171 964 2251 suas.
1002 2167 1092 2230 Redit
1111 2167 1152 2228 mi
1165 2188 1196 2227 es
1209 2188 1221 2226 .·
1229 2166 1396 2255 sedquum

336 2247 475 2331 eagnaffet
484 2249 518 2309 de
525 2270 621 2310 amore
632 2248 803 2318 Phaedriae,
809 2253 937 2338 puellam
941 2251 988 2331 se,
1007 2248 1061 2327 uifi
1068 2272 1099 2310 ee
1108 2248 1231 2336 repulso,
1241 2250 1395 2313 daturum

336 2347 435 2414 regat.
458 2329 869 2419 Yhaisffuidageretmescire:
879 2356 948 2397 nam
957 2349 986 2395 et
995 2333 1306 2395 Phaedriamamabat
1314 2356 1397 2397 exa·

336 2414 458 2493 nima,et
466 2412 640 2500 Pamphilae
648 2417 829 2502 recipiendae
831 2419 934 2503 gratia
944 2417 1060 2503 quidvis
1060 2415 1118 2493 fihi
1119 2416 1398 2501 faciendumprrta·

338 2497 409 2561 hat:
418 2496 549 2573 taudem,
560 2499 1024 2641 qrrumfferaret‚pipalteapacile
1032 2497 1282 2581 confiliumsuum
1294 2500 1325 2561 ei
1332 2500 1395 2587 ipfi,

337 2580 422 2659 eteius
431 2580 563 2643 animum
572 2578 650 2660 offen
672 2584 955 2667 erat2prohuturam;
965 2582 1151 2661 Phaedriam,
1162 2597 1199 2644 ut
1208 2581 1310 2645 militi
1319 2605 1393 2667 gre·

336 2662 514 2742 t'ficaretur,
531 2662 672 2726 excludit.
700 2664 845 2745 Postridie
860 2666 987 2747 arceffito
1005 2668 1045 2733 ei,
1061 2681 1149 2753 atque
1158 2686 1249 2746 aegre
1251 2666 1376 2744 ferenti
1384 2705 1394 2737 ‚

311 2758 316 2763 “
336 2747 456 2808 tandem
456 2748 491 2826 se
493 2759 616 2829 purgat,
629 2744 782 2835 multisque
787 2751 922 2832 precihus
930 2751 964 2811 ah
974 2773 1003 2810 eo
1012 2752 1161 2834 impetrat,
1179 2765 1230 2816 ut,
1233 2764 1298 2835 per
1308 2752 1394 2815 hidu-

337 2848 402 2910 um,
406 2831 518 2914 priores
521 2842 623 2911 partes
631 2827 733 2892 hahere
746 2822 1049 2913 Thrasonemfiueret:
1062 2832 1111 2894 uhi
1112 2832 1254 2918 primum
1263 2835 1395 2919 eripuis-

331 2916 380 2997 set
390 2909 1007 3000 puellammihilſshicumillaampliusfhre.
1032 2915 1195 2993 Phaedria,
1204 2928 1243 2976 ut
1251 2913 1350 2993 hayus
1358 2921 1400 2981 bi·

337 2994 694 3084 duimolestiamaequiore
702 3000 796 3060 animo
799 2997 1019 3079 ferret,rusſshi
1027 2997 1191 3061 abeundum
1200 2996 1261 3079 ff
1260 2987 1397 3077 statuits'

335 3080 435 3167 itaque
446 3080 554 3155 ahiem,
565 3081 684 3143 mandat
694 3082 885 3162 Parmenoni,
905 3098 940 3147 ut
948 3082 1113 3145 eunuchum
1128 3096 1156 3141 et
1166 3076 1396 3168 Aethiopiffam

337 3165 378 3224 ad
387 3157 420 3228 T
415 3161 592 3240 haidem,cui
600 3186 644 3224 eas
654 3180 777 3232 emerat,
786 3166 915 3228 duceret.
941 3162 1136 3252 Pamphilam,
1146 3184 1242 3252 quum
1253 3188 1297 3228 ex
1307 3171 1396 3233 aedi.

336 3248 390 3310 hus
400 3241 551 3326 Thrasouis
561 3246 602 3305 ad
609 3245 753 3308 Yhaidem
762 3247 973 3327 deduceretur,
989 3247 1165 3334 conspicatus
1173 3248 1205 3309 in
1214 3247 1273 3308 via
1283 3246 1395 3316 Phae-

336 3328 519 3407 driaefrater
527 3343 601 3397 natu
610 3329 705 3399 mittor
714 3327 859 3411 Chaerea,
867 3333 911 3394 ita
920 3334 1086 3414 ejusamore
1094 3330 1223 3413 flagrare
1232 3335 1397 3418 coepim-

337 3409 384 3474 hil
396 3428 432 3477 ut
445 3409 526 3499 peufi
532 3409 669 3488 haheret,
685 3411 756 3483 dum
767 3417 975 3498 eaputiretur:
1000 3438 1091 3503 neque
1096 3415 1181 3500 prius
1190 3434 1243 3474 can
1265 3418 1394 3500 uievit,

336 3516 437 3582 quam,
447 3496 509 3579 ejus
517 3495 561 3557 rei
570 3495 717 3573 causa‚ad
722 3491 865 3559 Thaidem
868 3513 923 3580 pro
931 3501 1060 3561 eunucho
1068 3497 1232 3560 dedultuse
1263 3541 1272 3558 .
1307 3502 1401 3587 Quid

328 3578 421 3664 plura
431 3579 443 3641 ἶ
461 3575 741 3640 thaideadcoenam
750 3602 816 3640 cum
826 3580 919 3641 milite
926 3582 1074 3665 profetia,
1093 3580 1233 3661 virginiis
1245 3579 1397 3650 Chaerea

328 3677 387 3747 per
396 3666 458 3724 vim
468 3662 579 3723 vitium
586 3660 721 3744 affertur.
747 3656 863 3725 Turbae
873 3668 999 3735 audique
1008 3662 1164 3738 mirabiles,
1175 3662 1352 3732 dessecavit:
1360 3694 1396 3732 re

328 3742 748 3827 pateladiaffhaisahachete
759 3744 886 3825 infidam
896 3763 925 3806 et
934 3740 1096 3810 clientelam
1106 3746 1260 3829 recipitur.
1289 3749 1397 3815 Chae·

336 3848 388 3886 rea
396 3846 528 3909 agnitam
539 3826 720 3913 Pamphilam
729 3828 811 3890 ducit
818 3848 950 3891 uxorem.
986 3825 1095 3914 Thraso
1105 3829 1156 3890 diu
1172 3827 1302 3911 illusus,
1318 3851 1394 3899 tate·

338 3907 402 3969 dsru
411 3932 442 3971 m
451 3934 556 3977 eruaris
565 3929 696 3976 ruerem
703 3928 861 4000 :sparum
872 3911 1159 4004 Gaathrrsisparufitr'
1169 3918 1394 3999 opereiaedmit·

339 4005 428 4055 ntiae.

1278 4140 1394 4215 PU.
