3392 5142
420 596 1144 706 iln'Honoo'oni-rnon.
1224 630 1293 732 585

283 730 446 806 Vestrum
467 732 637 829 judicium
662 733 764 806 fecit:
793 747 855 807 'me
877 734 1026 808 adorem
1049 737 1154 808 dedit.

282 829 423 904 sedhic
440 828 535 902 aeter
556 849 690 901 tantum
707 834 835 926 poterit
851 854 869 900 a
885 832 1060 921 facundia,
1132 832 1134 836 ’

282 924 464 1020 Quantum
490 925 547 997 ille
568 927 684 1021 potuit
698 926 855 1020 cogitare
871 925 1074 1015 commode,

282 1020 358 1116 Qui
373 1022 560 1093 orationem
578 1021 665 1092 hanc
681 1017 832 1115 scripsit,
858 1016 1223 1115 quamdisturussum?
1249 1040 1293 1120 15

282 1117 384 1188 Nam
397 1115 490 1213 quod
509 1137 660 1188 rumores
676 1114 877 1188 distulerunt
901 1113 1078 1204 malevoli,

281 1210 415 1284 Multas
435 1209 861 1302 contaminasseGraecas,
885 1213 967 1284 dum
984 1210 1066 1283 facit

282 1305 410 1377 Paucas
426 1307 586 1393 Latinas3
618 1305 745 1380 fidium
766 1307 823 1377 hic
837 1307 902 1380 eise
920 1307 955 1378 id
973 1330 1042 1377 non
1059 1326 1183 1402 negat,

281 1399 412 1496 Neque
425 1400 457 1473 se
476 1401 510 1471 id
529 1404 666 1499 pigere:
698 1400 870 1476 etdeinde
886 1401 1053 1476 foetorum
1069 1420 1233 1474 autumat.

279 1495 401 1591 Habet
417 1495 590 1592 bonorum
604 1497 827 1599 exemplum,
852 1524 923 1596 quo
939 1497 1100 1594 exemplo
1117 1497 1179 1576 fibi
1252 1519 1300 1570 20

500 1633 1077 1714 CA„LPHURN1US.

272 1754 458 1832 'mandarun
501 1753 523 1794 ⁴
548 1773 596 1840 13.
621 1753 813 1835 Turnum]
837 1753 932 1837 Quafi
950 1754 1049 1817 dicat:
1071 1751 1173 1817 Aeior
1190 1751 1302 1820 facun-

278 1837 470 1903 diatonum
488 1839 601 1902 valebit
617 1836 670 1901 seu
687 1840 819 1921 poterit,
856 1852 1011 1922 quantum
1030 1835 1130 1901 Poe'ra
1145 1836 1301 1902 inventio·

279 1938 321 1985 ne
336 1920 519 1999 commoda,
565 1924 582 1962 *
603 1923 637 1982 A
652 1921 864 2004 novumn]
886 1918 971 1983 Bene
990 1919 1016 1982 F
1018 1935 1298 1999 acuuornmono

277 2000 464 2093 Eloquentia.
505 2000 656 2070 Facundus
671 2001 800 2085 dicitur,
829 2003 883 2091 qui
906 2005 984 2065 bene
1000 2003 1057 2065 fari
1082 2004 1194 2081 potest,
1227 2003 1299 2067 Ele·
1387 2059 1393 2071 .

278 2106 386 2172 quent,
406 2090 508 2167 quiet
526 2085 661 2164 invenit,
687 2100 717 2150 et
734 2087 819 2158 dicit.
842 2096 845 2103 '
875 2087 922 2164 16.
949 2083 1039 2147 ΝΛΜ
1061 2095 1163 2162 Quot>
1182 2100 1299 2148 nuno·

278 2181 338 2229 turs
362 2174 628 2248 nitrueenuum
655 2168 690 2232 ld
708 2170 795 2250 quod
811 2166 962 2233 malevoli
977 2166 1053 2229 vitio
1075 2168 1148 2229 dant
1167 2166 1237 2242 fibi,
1260 2167 1298 2251 ti.

281 2250 311 2312 bi
329 2250 412 2314 laudi
426 2250 585 2317 adscribit:
609 2253 702 2346 seque
720 2252 861 2334 exemplo
871 2247 1298 2333 praestantissimorum-Poe·-

239 2411 242 2415 ι
279 2342 386 2395 torum
402 2333 556 2418 defendit,
579 2337 632 2416 qui
648 2334 733 2398 idem
748 2335 977 2399 feditaverunt.
1031 2326 1297 2402 Disruin'rtunr,

279 2413 528 2498 divulgaverunt.
583 2435 631 2496 19.
655 2417 865 2497 Antoniam]
898 2413 1074 2493 opinatur,
1104 2414 1198 2494 dicit,
1223 2433 1298 2478 cen·

279 2495 336 2585 set.
389 2516 440 2580 ao.
464 2498 582 2563 Honor
601 2513 769 2579 nouorum
786 2507 997 2580 arentium]
1026 2494 1297 2575 uiderrceeprau-

472 2619 1118 2692 COMMENTARIUS.

317 2740 427 2810 ipson
445 2760 501 2799 nic
518 2760 620 2802 Acron
638 2760 773 2803 rnnrun
793 2754 955 2798 roruarrn
970 2743 1152 2805 ricuinum]
1171 2739 1292 2817 Expressi

280 2828 331 2942 per
348 2813 612 2892 interrogationem,
631 2836 662 2876 ut
679 2820 746 2876 citra
764 2814 899 2876 invidiam
916 2811 1018 2870 ditium
1035 2811 1074 2871 fit.
1113 2813 1217 2870 Eodem
1235 2814 1295 2876 fere

292 2885 357 2943 ensu
373 2888 443 2946 dixit
459 2892 574 2959 Cicero,
594 2892 628 2950 de
651 2895 787 2959 Oratore,
806 2891 843 2947 ΙΙ.
860 2906 902 2960 14.
924 2889 994 2942 titud
1004 2887 1065 2963 jam
1081 2888 1176 2945 mirari
1191 2891 1293 2965 defleo,

278 2960 442 3038 quemue·
456 2966 538 3040 magis
555 2981 618 3024 ante
635 2966 773 3034 mittebar,
792 2968 877 3028 hune,
897 2983 979 3042 quum
994 2965 1055 3019 baec
1070 2965 1193 3038 nescirer,
1212 2967 1293 3026 indi-

280 3035 370 3097 cendo
387 3039 462 3117 poiie
477 3058 594 3100 tantum.
634 3043 705 3101 Vide
722 3047 812 3101 Burm.
832 3041 867 3099 ad
885 3041 1036 3098 toron-c.
1058 3047 1101 3112 89.
1332 3034 1336 3043 ’

317 3127 361 3182 14.
382 3118 564 3187 coeman]
583 3118 753 3193 Excogitare.
779 3115 940 3174 meditando
957 3115 1091 3172 invenire.
1122 3116 1233 3174 Photm.
1252 3121 1290 3177 II.

284 3202 363 3246 1.10.
383 3190 483 3248 Phaed.
497 3195 548 3250 111.
569 3191 642 3251 Ptol.
660 3199 702 3262 38.
724 3210 750 3249 et
767 3194 800 3250 V.
823 3188 897 3248 Prol.
915 3208 941 3261 7.
963 3188 1019 3247 Ubi
1038 3189 1101 3246 vide
1117 3192 1289 3270 interpretet.

281 3259 399 3340 Nepos,
417 3269 528 3325 Datam.
547 3271 573 3327 6.
624 3266 674 3322 uod
689 3269 726 3323 ari
753 3285 816 3324 uam
828 3265 964 3341 perniciem
976 3265 1069 3335 fuerat
1088 3266 1246 3341 cogitatum.

323 3341 365 3396 16.
386 3340 487 3409 Nan]
510 3344 645 3401 Particua
663 3360 722 3401 tran
735 3345 815 3401 rtioni
831 3341 988 3399 inserviens.
1018 3342 1060 3396 Ira
1079 3338 1197 3417 Adelph.
1217 3343 1291 3402 Ptol.

281 3426 326 3483 15.
346 3413 446 3473 Cicero
461 3417 564 3495 pafftm.

316 3489 461 3550 Roianus
479 3498 719 3561 nrsrurunuur]
740 3491 882 3567 Differendi
898 3492 1013 3550 verbum
1031 3494 1084 3549 hoc
1100 3490 1175 3548 sensu
1191 3490 1250 3548 fere
1264 3493 1293 3550 in

280 3559 447 3624 deteriorem
463 3584 569 3643 partem
587 3568 708 3625 sumitur.
747 3568 883 3636 Lucilius,
904 3566 950 3623 lib.
969 3571 1058 3625 XXX.
1080 3565 1194 3630 Etmaie
1210 3567 1296 3621 dicen-

280 3632 312 3691 do
330 3636 421 3696 multis
432 3641 588 3715 sermonibu'
608 3641 707 3699 diiiers.
732 3645 857 3711 Plautus,
881 3644 963 3700 ¹Trin.
982 3647 1033 3699 ΠΙ.
1053 3665 1079 3701 2.
1099 3645 1143 3716 63.
1174 3651 1213 3696 Ne
1230 3641 1297 3697 mihi

280 3709 350 3795 batte
360 3713 471 3783 samam
488 3719 622 3778 differant.
640 3721 785 3775 Suetonius
794 3759 803 3786 ,
824 3725 893 3796 Aug.
914 3736 953 3787 14.
976 3722 1103 3775 Rumore
1124 3715 1157 3770 ab
1175 3717 1298 3792 obtree‘iet-

280 3786 380 3844 tonbus
394 3789 489 3848 dilato,

320 3877 363 3931 17.
385 3867 647 3932 continuantem]
670 3868 813 3935 Mutilaiie.
834 3870 904 3925 Vide
914 3869 946 3924 ad
957 3868 1027 3923 And.
1037 3869 1107 3925 Ptol.
1123 3871 1164 3925 16.

320 3953 375 4020 19..
388 3937 568 4010 Aureum]
589 3949 758 4012 Autumno,
780 3943 973 4007 teste.Gellio,
995 3944 1054 3997 XV.
1067 3957 1091 4015 3.
1114 3943 1151 3999 est
1160 3958 1187 3999 et
1196 3942 1296 4011 dicere,

281 4023 309 4066 et
324 4015 455 4087 optumi,
476 4032 503 4071 et
520 4017 635 4076 censere.
1232 4019 1234 4023 ’

315 4095 360 4143 20.
381 4088 492 4150 Ham
513 4109 663 4153 nonoaun
681 4108 872 4158 rixantium,
891 4108 953 4159 Qro
981 4096 1152 4158 extorio]
1172 4092 1304 4167 intelligit

752 4170 779 4225 Ο
798 4186 814 4223 0
837 4200 848 4237 )
1231 4169 1307 4239 Nic-j
