3392 5142
398 604 471 714 656
596 612 1226 689 Heautontimorumenos.

402 722 555 810 Haberi,
580 720 714 817 quidvis
737 723 816 793 dare
834 721 943 815 cupit.
969 742 1070 809 nam,
1093 733 1133 789 ut
1150 715 1310 810 wldar,
1387 730 1430 814 4¹0

399 814 518 907 Quam
535 840 573 887 ea
588 839 680 886 nunc
698 816 860 901 instruela
875 814 1020 910 pulchre
1037 812 1079 884 ad
1094 814 1281 909 perniciem
1298 811 1384 887 fiet:

397 911 576 1001 Primum,
601 911 668 1003 jam
687 912 821 984 ancillas
836 910 950 982 secum
968 908 1112 979 adduxit
1127 909 1204 1004 plus
1218 908 1364 1003 decem,

343 1084 347 1091 ,
398 1007 567 1079 Oneratas
582 997 694 1096 reste,
714 1026 821 1104 atque
838 1030 933 1078 aur0.
966 1005 1121 1100 Satrapes
1139 1001 1165 1074 fi
1181 1000 1244 1075 stet

400 1105 569 1193 Amator,
593 1124 662 1171 nun
688 1125 765 1172 uam
786 1101 924 1173 sufferre
940 1102 1012 1192 ejus
1029 1099 1158 1169 sumtus
1196 1104 1297 1191 ucat,

398 1197 545 1272 Nedum
555 1217 593 1269 tu
603 1126 713 1292 pollis.
737 1199 808 1270 Me.
819 1188 969 1269 Estneea
977 1193 1092 1267 intus?
1108 1124 1232 1267 malit
1240 1192 1367 1293 rogas?
1382 1220 1429 1295 45

621 1307 1201 1389 canrnunnrna

393 1418 586 1498 trimatum,
606 1416 782 1483 secundum
799 1418 999 1489 Varronem,
1020 1415 1165 1482 adetritu
1186 1414 1302 1478 dicitnr
1316 1414 1427 1502 :quod

399 1518 533 1585 eaquae
562 1498 632 1563 trita
656 1498 755 1578 sunt,
789 1501 921 1565 minoris
949 1502 1038 1583 pretii
1064 1499 1132 1563 fint.
1177 1499 1431 1561 tenerrrima-

397 1598 471 1647 Tutt
490 1585 527 1644 ab
541 1602 580 1645 eo
597 1583 683 1665 quod
703 1584 770 1646 duo
786 1602 866 1667 quae
892 1586 972 1649 inter
990 1583 1023 1648 se
1040 1584 1112 1656 trita
1135 1591 1165 1644 et
1183 1581 1350 1645 diminuta.
1394 1583 1428 1644 A

424 1684 468 1727 uo
482 1666 576 1726 etiam
593 1667 746 1750 intertrigo
770 1667 861 1729 ditia.
927 1685 979 1750 40.
1004 1667 1153 1746 Qutnvrs
1181 1675 1275 1724 narn
1298 1674 1426 1745 curte]

399 1682 443 1810 {t
460 1750 522 1810 hoc
541 1747 582 1808 est
601 1750 714 1810 nimiae
733 1749 893 1835 largitatis.
946 1749 967 1790 ¹*
988 1769 1039 1831 41.
1065 1746 1210 1827 Nune]
1235 1746 1299 1809 Pro'
1317 1747 1428 1828 multo,

304 1907 307 1913 ¹
400 1831 476 1892 alias
492 1847 552 1909 pro
569 1831 686 1891 minimo
701 1831 742 1893 est
752 1868 763 1901 ‚
791 1849 822 1895 et
839 1833 880 1895 lic
896 1831 970 1896 dixit
988 1832 1074 1914 quod
1093 1831 1184 1912 supra
1200 1828 1382 1892 ventitans
1393 1842 1428 1892 ut

398 1926 591 1990 urnamque
607 1925 756 1975 terren.
799 1914 887 1999 Ergo
906 1915 1005 1996 accipi
1015 1915 1113 1996 potest
1150 1912 1429 1993 roqualitatesen·

399 1997 525 2057 tentiae.
567 2013 619 2076 42.
633 1995 793 2077 piamun,
813 1999 1090 2082 Janartcrmasf]
1115 1932 1425 2080 elioeestsrgnum

400 2077 491 2140 illam
507 2079 603 2159 probe
622 2076 803 2142 instruelam
819 2081 857 2142 ad
867 2082 1070 2163 expilandum
1086 2088 1255 2143 amatores.
1303 2082 1320 2115 *
1343 2076 1427 2142 Ptus

401 2162 560 2246 necem]
586 2158 697 2229 Dixit,
719 2162 993 2244 quemadmodum
1018 2162 1177 2231 dicimus,
1198 2163 1291 2245 magis
1313 2164 1430 2229 decem,

400 2242 433 2306 in
453 2247 565 2324 quibns
583 2257 691 2306 laams
710 2261 741 2306 et
757 2259 833 2306 etus
850 2245 923 2308 sunt
947 2247 1099 2309 adverbia.
1144 2243 1296 2309 Solemus
1322 2258 1430 2308 tamen

399 2323 521 2406 saepius
539 2345 694 2407 apponere
710 2340 831 2408 Quam,
856 2343 913 2406 ut,
935 2329 1061 2393 adduxit
1077 2331 1179 2411 secum
1190 2329 1260 2474 flur
1277 2351 1367 2415 quam
1384 2329 1432 2391 de·

400 2430 474 2470 cem.
519 2411 641 2471 Verum
687 2407 855 2473 auelorum
894 2409 968 2474 usus
1006 2410 1126 2492 semper
1162 2415 1192 2474 el
1239 2409 1427 2491 sequendus.

443 2509 495 2574 43.
520 2488 730 2572 simine]
756 2493 927 2555 sarantes
958 2513 976 2556 a
1000 2494 1131 2558 Graecis
1149 2491 1327 2575 provinciae
1345 2511 1432 2573 prae-

400 2572 503 2638 scetus
523 2576 646 2637 dicitur.
689 2594 740 2655 45.
770 2577 953 2638 Nnnunru
968 2577 1107 2660 Possm]
1132 2575 1284 2652 Naeuii,
1307 2577 1369 2637 hoc
1380 2581 1431 2640 10·

281 2660 285 2677 “
401 2676 445 2719 co
464 2659 605 2743 negative
628 2661 774 2738 ponitur:
796 2671 853 2738 ut,
875 2658 946 2720 Non
971 2659 1116 2721 crederem
1140 2662 1194 2722 tibi
1223 2658 1357 2728 obolum,
1381 2682 1431 2721 ne·

401 2741 473 2807 dnm
483 2758 539 2824 pro
559 2757 588 2800 te
604 2742 784 2823 ffrnderem
800 2743 983 2823 sanguinem.
1029 2740 1101 2819 Jam
1129 2740 1283 2806 Chremes
1304 2740 1433 2804 Bacchi·

402 2820 476 2885 dem
494 2823 591 2884 credit
602 2823 725 2886 Cliniae
741 2819 801 2885 effe
810 2826 957 2885 amicam.
1002 2821 1044 2888 Et
1060 2823 1191 2888 observa
1207 2823 1433 2890 Terentianam

590 2923 1241 2997 COMMENTARIUS.

398 3027 477 3088 ¹endo
495 3027 597 3088 affabre
612 3025 691 3088 fatris
700 3030 788 3108 perit,
808 3029 1035 3091 intertrimentum
1044 3031 1158 3110 proprie
1167 3029 1277 3090 dicitur.
1316 3034 1429 3107 Livius,

403 3103 524 3162 XXXII.
538 3121 563 3162 2.
585 3105 618 3162 de
635 3124 768 3183 argento:
788 3108 821 3163 ld
838 3107 1017 3186 quiaprobum
1030 3105 1431 3182 troneffequaestoresrtnnnciae-

402 3193 519 3249 verant,
536 3181 770 3262 experientibusque
774 3197 837 3260 pars
848 3199 944 3261 quarta
952 3185 1055 3243 decocta
1062 3198 1121 3241 erat
1132 3229 1139 3252 ‚
1152 3184 1259 3259 pecunia
1269 3191 1365 3242 Romae
1373 3206 1435 3243 mu-

401 3269 453 3311 tua
464 3255 558 3329 sumta
591 3260 826 3318 intertrimentr'tm
836 3262 1031 3338 steppleverunt.
1070 3261 1143 3318 Hinc
1160 3279 1212 3338 pro
1228 3263 1331 3338 quovit
1346 3262 1434 3320 derri-

402 3342 499 3390 mento
517 3350 543 3390 et
554 3333 655 3391 damno
665 3335 785 3412 ponitur.
826 3341 945 3406 Cicero,
970 3342 1050 3396 Vert.
1059 3337 1118 3393 Lib.
1139 3337 1162 3391 1.
1179 3356 1211 3391 ca
1232 3378 1239 3392 .
1259 3351 1302 3408 50.
1325 3344 1397 3394 Cum
1405 3339 1434 3394 in

402 3425 428 3473 eo
429 3402 488 3482 fine
496 3407 760 3467 ullointettrimento
778 3429 935 3472 convenerat
938 3413 1019 3487 jam,
1054 3412 1194 3470 armatmo
1213 3428 1259 3469 um
1268 3414 1432 3473 traderetur.

313 3496 318 3507 ’
438 3486 514 3544 Non
530 3503 644 3542 1³01st
660 3496 802 3555 ananan]
830 3490 900 3549 Vide
909 3487 944 3546 ad
952 3437 1055 3551 naal.
1070 3510 1095 3548 1.
1113 3495 1156 3562 58.

441 3577 486 3632 41.
496 3564 673 3620 Insertum
682 3578 724 3619 an
735 3569 931 3632 rametam]
946 3568 1068 3624 ltaHee.
1078 3567 1115 3623 11.
1128 3581 1151 3622 t.
1161 3563 1188 3622 6.
1209 3563 1435 3626 dotlaeadmali-

402 3634 481 3697 tiam.
518 3637 650 3702 Plautus,
669 3637 795 3696 Bacchid.
815 3643 905 3699 111.1.
922 3639 948 3699 ό.
968 3641 1062 3697 omnis
1073 3640 1111 3698 'ad
1148 3641 1281 3699 etniciem
1298 3644 1433 3705 instructa

402 3715 494 3772 domus
510 3713 589 3790 opime
597 3711 791 3792 atquenpipare.
828 3717 941 3786 livius,
959 3721 983 3776 1.
1001 3738 1045 3794 54,
1065 3721 1103 3770 Et
1130 3715 1188 3773 retis
1191 3715 1326 3799 fastisque
1338 3722 1374 3780 ad
1383 3721 1435 3780 fal·

400 3789 517 3852 lendum
535 3790 681 3849 instruitis.
822 3858 825 3863 ,
1169 3812 1171 3817 ·

439 3880 486 3940 43.
506 3871 662 3924 Sarmates
688 3883 716 3924 sa
741 3871 830 3933 stram]
859 3866 999 3940 Σατράπης
1022 3888 1080 3928 vox
1097 3866 1203 3926 Persica
1220 3868 1282 3933 est,
1322 3874 1436 3950 origine

401 3942 546 4010 Hebraea,
565 3959 665 4001 notans
675 3942 825 4020 praefidem
834 3943 1004 4021 provinciae.
1049 3947 1088 4002 Hi
1106 3962 1176 4001 vero
1192 3945 1395 4025 opulentissimi
1407 3970 1437 4008 e·

395 4017 1207 4174 lterilllllillel?ttttltffilttlll
1220 4024 1326 4083 '‘¹³‘'
1353 4032 1435 4094 Μ’

840 4134 851 4167 J
992 4151 994 4154 -
1208 4139 1217 4158 0
