3392 5142
327 581 758 697 ,csucmru
807 534 1339 684 Aaouurunnis
1445 532 1448 543 ’

431 722 1450 943 ERIOCHA.

393 984 461 1105 ru
489 976 821 1062 rnuuurn
859 976 1281 1061 eunuchum.

513 1110 665 1182 Ororem
682 1104 764 1178 salso
784 1105 979 1181 dislitatam
992 1104 1164 1201 Thaidis,

537 1204 577 1277 ld
595 1202 705 1301 ipsum
722 1203 904 1301 ignorans,
928 1203 1024 1275 miles
1039 1200 1185 1277 advexit
1200 1200 1376 1298 Thraso,

458 1299 605 1401 Ipsrque
617 1300 735 1372 donat.
758 1321 829 1373 erat
845 1301 930 1373 haec
947 1299 1032 1373 civis
1049 1299 1188 1373 Attica.

307 1400 313 1415 “
373 1420 376 1425 ·
460 1398 587 1471 Eidem
604 1395 839 1490 Eunuchum,
864 1414 968 1495 quem
982 1408 1134 1489 emerat,
1160 1394 1261 1470 tradi
1272 1394 1378 1507 jubet

462 1492 610 1567 Thaidis
625 1509 760 1564 amator
783 1493 972 1586 Phaedria,
995 1515 1036 1564 ac
1053 1515 1109 1563 rus
1124 1490 1200 1588 ipse
1221 1490 1330 1586 abit,

462 1588 637 1662 Thrasoni
653 1607 768 1660 oratus
781 1587 929 1661 biduum
946 1585 1166 1661 concederet.

465 1684 634 1781 Ephebus
649 1683 753 1757 frater
766 1685 953 1757 Phaedriae
966 1683 1156 1795 puellulam
1298 1678 1301 1685 ¹

469 1781 564 1855 Cum
582 1780 624 1851 de
649 1780 771 1872 eriret,
797 1777 905 1852 domo
927 1780 1058 1854 millam
1075 1779 1243 1875 Thaidi,

332 1964 335 1971 Ι
468 1878 609 1969 Ornatu
625 1805 789 1949 hunuchi
805 1869 976 1949 induitur:
1001 1875 1115 1950 suadet
1133 1878 1342 1953 Parmeno:

466 1972 631 2047 Introiit:
659 1972 758 2045 vitiat
774 1973 965 2069 virginem:
992 1969 1048 2045 sed
1065 1974 1215 2047 Atticus

469 2070 569 2142 Civis
584 2089 738 2167 repertus
753 2068 859 2142 frater
872 2071 966 2164 ejus,
1000 2068 1167 2142 conlocat

469 2165 640 2242 Vitiatam
665 2166 823 2262 ephebo,
847 2164 1049 2238 Phaedriam
1075 2184 1199 2239 exorat
1216 2164 1379 2240 Thraso.

370 2332 711 2493 AELH
771 2316 1335 2486 DONATL

369 2522 438 2599 ,v.
471 2516 513 2582 c.
538 2514 836 2586 onnronrs
862 2514 1038 2584 unsis
1061 2513 1311 2607 ROMAE,

325 2630 628 2719 PRAEFATIO
652 2637 714 2709 IN
739 2622 1060 2716 EUNUCHUM
1081 2636 1379 2718 TERENTll.

328 2756 487 2919 HAec
506 2750 682 2825 masculini
705 2753 838 2851 generis
855 2755 996 2828 nomine
1019 2758 1222 2851 nuncupata
1239 2754 1379 2832 Fabula

434 2848 504 2939 est,
530 2848 768 2923 Eunuchus:
794 2867 830 2921 et
844 2848 894 2921 est
902 2850 1043 2923 Palliata
1054 2850 1242 2924 Menandri
1254 2875 1380 2927 vetus:

330 2967 435 3043 quam
450 2945 509 3018 ille
526 2942 694 3018 auctorne
704 2944 794 3020 faslo
803 2944 1043 3037 adolescentis,
1059 2945 1380 3044 quiseproEunu·

330 3041 401 3113 cho
417 3041 542 3114 deduci
555 3040 597 3113 ad
606 3043 823 3116 meretricem
834 3041 1021 3139 passusest‚
1039 3041 1250 3117 nominavit.
1307 3048 1382 3121 lta·

357 3160 451 3211 ueex
461 3139 912 3236 magnapartemotoriaest.
947 3143 1064 3234 Atque
1079 3141 1115 3210 in
1139 3139 1384 3217 hacComoe·

330 3162 387 3305 lia
410 3236 472 3336 qui
501 3233 677 3333 personam
695 3237 916 3309 Parmenonis
941 3233 1036 3309 aslor
1053 3233 1216 3327 sustinet,
1245 3240 1383 3334 primas

269 3416 271 3421 ,
332 3328 437 3404 habet
446 3351 569 3427 partes.
619 3331 796 3405 Secundae
804 3329 880 3403 sunt
893 3331 1077 3404 Chaereae.
1104 3331 1254 3406 Tertiae
1262 3336 1385 3412 Phae·

331 3423 440 3499 driam
457 3423 620 3525 speslant.
671 3427 789 3522 Huius
803 3430 975 3523 Prologus
989 3427 1065 3500 sane
1089 3426 1139 3500 est
1147 3432 1386 3507 concitatior.

337 3522 438 3595 Nam
455 3543 489 3595 et
499 3519 629 3620 objecit
638 3513 781 3594 crimina
798 3523 1065 3596 adversantibus:
1091 3543 1127 3597 et
1136 3529 1386 3604 comminatur

244 3700 247 3713 ,
336 3618 624 3714 in·posterum:et
633 3614 841 3692 accusatorie
850 3621 1128 3715 narratinjuriam
1137 3621 1322 3698 Terentio
1332 3625 1387 3699 sa·

337 3712 448 3787 stam:
467 3736 502 3788 et
511 3714 552 3785 ad
561 3712 723 3786 ultimum
733 3714 1011 3807 tumultuose,et
1019 3740 1102 3789 cum
1111 3740 1239 3839 magna
1248 3720 1389 3798 invidia

339 3809 661 3885 defenditPoetam.
712 3811 812 3884 Haec
828 3830 864 3884 et
881 3812 1050 3922 πςέτοισιν
1070 3833 1107 3886 et
1128 3812 1321 3905 ἔπιτοισιν,
1350 3839 1389 3893 et

341 3923 574 4031 κατωςραφῆν
591 3921 642 3992 ita·
655 3923 806 4018 aequales
824 3921 949 4016 haber,
971 3943 1012 3996 ur
1022 3921 1186 4025 nusquam
1196 3925 1296 4029 dicas
1303 3929 1389 4007 lon·

336 4030 497 4127 gitudine
505 4037 617 4132 operis
626 4038 833 4114 Terentium
841 4039 1038 4119 delassatum
1047 4043 1257 4121 dormitasse.
1306 4050 1391 4123 Ac·

1327 4165 1390 4220 tus
