3392 5142
461 622 1157 716 AcausIIl.Scnua.lI.
1269 647 1341 725 669

325 752 360 828 E
385 776 504 827 overo
518 748 629 825 laudo.
657 750 711 837 Sy.
733 746 847 821 Recte
862 745 947 819 sane.
971 746 1032 817 Ch.
1063 744 1207 845 Qrippe
1222 751 1303 847 quia

324 777 535 946 rsagnarum
550 846 646 939 saepe
660 841 696 915 id
711 844 901 916 remedium
916 840 1169 939 aegritudinum
1185 844 1237 916 ’st.

324 946 423 1018 Huic
433 949 504 1041 jam
522 937 691 1013 manfisset
705 936 826 1011 unicus
841 957 964 1035 gnatus
982 937 1089 1009 domi.
1205 989 1208 1013 .

326 1042 381 1128 Sy.
403 1041 530 1133 Jocon’
547 1059 589 1106 an
604 1034 690 1106 serio
705 1035 802 1107 illaec
819 1033 932 1124 dicat,
955 1031 1089 1105 nescio:
1301 1060 1344 1136 30

325 1133 409 1208 Nisa
430 1133 516 1204 mihi
530 1128 670 1229 quidem
692 1129 785 1201 addit
802 1127 975 1220 animum,
1000 1151 1071 1226 quo
1094 1125 1210 1199 lubeat
1225 1137 1345 1226 magis.

327 1232 388 1306 Ch.
403 1230 452 1302 Et
461 1250 566 1319 nunc,
581 1225 665 1321 quid
672 1222 855 1323 exspedlat,
866 1222 972 1319 Syre?
989 1248 1031 1297 au
1046 1222 1130 1296 dum
1144 1224 1225 1295 hinc
1234 1225 1347 1299 denuo

328 1326 464 1415 Aberat,
489 1342 571 1397 cum
589 1322 731 1394 tolerare
747 1323 847 1418 hujus
862 1319 990 1391 sumtus
1005 1342 1075 1391 non
1090 1316 1214 1416 queat?

328 1422 464 1496 Nonne
478 1418 526 1585 arg
536 1415 646 1583 [οηῑὶῃ
670 1415 817 1512 aliquam
841 1414 1005 1488 fabricam
1023 1411 1151 1510 fingit?
1182 1414 1236 1505 Sy.
1262 1417 1344 1489 Sto·

477 1516 503 1587 li
526 1537 598 1585 use
633 1568 640 1583 .

336 1613 398 1685 ch.
426 1616 477 1686 At
493 1630 528 1682 te
542 1608 694 1700 adjutare
710 1624 851 1702 oportet
867 1602 1107 1678 adolescentuli
1307 1627 1351 1704 35

331 1706 451 1783 Causa.
486 1707 540 1794 Sy.
564 1704 681 1775 Facile
694 1701 853 1798 equidem
877 1700 985 1773 facere
1009 1700 1164 1797 possum,
1189 1693 1347 1799 fijubes:

332 1804 475 1877 Etenim
498 1823 569 1897 quo
584 1796 685 1895 pasto
701 1799 737 1867 id
752 1794 828 1869 fieri
842 1793 966 1889 soleat,
990 1796 1107 1869 calleo.

334 1901 395 1973 Ch.
421 1901 541 1972 Tanto
550 1892 664 1966 hercle
672 1892 802 1965 melior.
838 1895 892 1982 Sy.
912 1892 951 1965 N
955 1915 1001 1962 ou
1014 1891 1062 1963 est
1078 1894 1214 1967 mentiri
1222 1916 1350 1969 meum.

560 2010 1135 2081 CALPHURNIUS.

336 2106 432 2174 Erro,
455 2102 554 2166 modo
571 2097 746 2179 interjedio
771 2098 813 2163 est
839 2100 1079 2184 interrogantis:
1103 2100 1178 2163 alias
1196 2098 1353 2164 admiran-

336 2191 404 2251 tis:
436 2187 511 2250 alias
534 2184 571 2247 ad
599 2181 631 2243 se
653 2183 808 2245 vocantis.
870 2182 953 2245 *lu
976 2183 1111 2263 uoco]
1147 2179 1350 2261 Opportune.

380 2268 431 2335 28.
455 2270 550 2347 Qun
572 2278 773 2329 unouauuu
794 2278 895 2324 saura
927 2279 965 2325 ru
987 2277 1171 2325 namuurum
1190 2278 1356 2327 auorum-

336 2369 453 2418 muuu
474 2352 551 2430 ἐπ]
576 2346 682 2425 Ipsum
699 2346 809 2411 fallere
824 2347 856 2408 sn
868 2362 1027 2425 tempore,
1050 2346 1178 2424 quidam
1193 2345 1232 2408 de
1241 2347 1354 2410 officiis

335 2436 520 2512 scribentes,
546 2428 669 2494 rectum
686 2442 884 2510 putaverunt.
926 2429 946 2468 ⁴¹
969 2426 1060 2491 Nam
1075 2425 1196 2491 Medici
1208 2442 1355 2513 aegrotos

334 2521 424 2600 saepe
439 2517 567 2580 fallunt.
610 2509 632 2551 ⁴*
654 2513 937 2593 31.Q10tuuunr
961 2512 1107 2593 uncta]
1129 2510 1234 2590 idest,
1256 2512 1357 2596 magis

336 2609 458 2685 placeat
476 2602 565 2663 heros
584 2615 601 2657 a
618 2593 712 2658 servis
729 2596 847 2674 decipi,
871 2592 957 2674 quod
974 2608 1008 2655 ut
1033 2593 1142 2656 viderit
1158 2640 1167 2671 ‚
1190 2591 1304 2657 saeviat
1322 2593 1358 2659 in

339 2705 411 2762 me,
434 2697 463 2744 et
472 2683 561 2743 mein
571 2674 732 2757 pistrinum
741 2676 844 2740 dedat.
889 2694 938 2757 34.
962 2676 1357 2761 Amounurauurcnu]

341 2764 522 2829 Transsatio
540 2763 577 2823 ab
592 2756 655 2836 his,
678 2759 732 2840 qui
750 2759 953 2842 expugnaturi
963 2757 1095 2839 oppida,
1124 2755 1360 2823 machinamen-

341 2865 373 2911 ta
390 2846 461 2910 belli
478 2845 516 2908 ad
533 2844 563 2907 id
578 2856 769 2921 praeparant.
813 2842 987 2906 Srotrous
1000 2843 1087 2926 asu]
1114 2841 1281 2922 Superius,
1304 2842 1360 2905 Ille

339 2931 458 2993 Cliniae
464 2931 570 3010 servus
585 2923 776 3067 tardirffcalus
794 2928 843 3009 est.
910 2922 952 2987 Et
968 2926 1091 3005 proprie
1117 2939 1278 2987 mortuus
1299 2923 1361 3007 eil,

343 3014 398 3093 qui
423 3008 566 3092 proxime
594 3024 669 3067 acce
691 3003 712 3067 it
739 3006 777 3069 ad
803 3022 948 3072 naturam
979 3006 1166 3091 sensumque
1190 3007 1362 3087 pecudum.

388 3109 438 3177 37.
462 3090 640 3168 Curato]
664 3087 700 3151 Id
719 3088 777 3170 est,
802 3091 919 3155 callide
939 3087 1015 3153 scio.
1083 3089 1105 3131 ⁴*
1128 3088 1178 3172 38.
1201 3089 1285 3151 Nou
1304 3103 1366 3173 usn

500 3186 1211 3264 COMMENTARIUS.

342 3289 445 3357 ratius,
466 3286 615 3345 Carmlv.
626 3296 667 3339 τι.
688 3288 733 3345 28.
752 3282 877 3359 nauem
892 3280 1116 3363 defiptreinloco.
1152 3284 1364 3345 Addelldanuti-

345 3383 393 3424 um
401 3362 436 3422 ad
453 3362 511 3420 Cic.
519 3362 592 3417 Fam.
603 3358 652 3415 xl.
666 3356 709 3418 16.

382 3454 426 3517 33.
454 3442 619 3495 Toumar
638 3434 781 3513 surarum]
810 3438 853 3494 Ita
879 3434 1043 3506 Sallustius,
1072 3434 1154 3495 Catil.
1175 3451 1218 3505 24
1247 3442 1365 3509 Ingentes

344 3517 447 3574 sumtus
457 3514 545 3589 stupro
556 3506 662 3643 cogaris
684 3508 863 3569 toleraverat.
900 3511 954 3571 Sed
969 3513 1078 3572 tolerare
1086 3513 1193 3584 samem
1211 3510 1280 3570 dixit
1296 3516 1367 3570 Cae-

343 3590 402 3658 sar,
422 3592 453 3649 B.
471 3594 506 3648 G.
526 3590 549 3645 1.
565 3602 583 3643 2
604 3628 611 3643 .
631 3584 742 3642 tolum
757 3586 888 3662 inopiam,
917 3588 1072 3658 Sallustius,
1093 3588 1175 3647 Catil.
1193 3603 1238 3664 37.
1258 3585 1367 3646 tolerare

344 3666 452 3735 vitam,
471 3662 609 3743 Justt'uus,
637 3662 739 3721 XLIII.
760 3680 787 3736 3.

387 3758 431 3811 34.
451 3742 496 3799 Ao
521 3754 625 3797 sunau
655 3752 801 3805 atroparc
818 3754 970 3799 sururcau
1043 3745 1131 3808 rum]
1158 3741 1194 3796 Η.
1219 3758 1243 3795 e.
1261 3739 1368 3799 Dolum

345 3828 395 3873 ant
409 3810 537 3873 fraudem
552 3810 677 3871 molitur.
716 3814 947 3885 deotmunt*
1083 3836 1126 3879 ao.
1146 3816 1371 3888 eveteriPo'e'ta:¹

501 3896 652 3967 Neququo
719 3888 862 3963 asellam,
878 3906 925 3963 naq
1091 3920 1098 3926 .,
1109 3892 1250 3962 auferam,

503 3970 642 4043 Nevqflm
747 3966 871 4033 adeum,
890 3982 925 4021 au
1096 3964 1293 4035 annonabat,

503 4038 558 4095 Scio
573 4038 731 4125 quidam.

389 4116 437 4195 38.
456 4116 587 4187 Tmo,
615 4140 624 4177 r
703 4134 758 4186 ‘-u,
775 4122 917 4187 truttam]
1109 4118 1224 4179 rudandi
1241 4118 1377 4192 alterum,

1330 4213 1379 4255 cm
