3392 5142
339 667 491 750 λῳ.
709 638 1111 748 Eunucuua

372 763 435 845 Co
464 758 573 839 novi.
601 772 689 837 tute
705 748 813 846 scis,
844 749 933 866 post
949 747 1152 860 illaquam
1180 757 1371 842 intimum

277 973 288 982 ι
361 783 557 957 ,Ηαίεαω
569 888 632 950 te:
664 887 706 949 et
720 893 809 948 mea
825 860 990 948 consilia
1005 884 1051 946 ut
1068 860 1142 946 tibi
1155 864 1318 949 credam
1335 892 1424 962 om·

273 1116 277 1121 '
379 1093 462 1181 Ph.
494 1009 830 1201 iilelalioc'quidem
843 1087 994 1174 tacebit
1016 1078 1245 1175 Parmeno,⁴
1284 1088 1370 1175 Pa.
1385 1093 1426 1176 0

520 1204 735 1290 dubiumne
750 1206 791 1288 id
807 1203 895 1290 esti
1341 1218 1379 1251 ·’

350 1330 353 1342 '
381 1317 424 1407 T
417 1319 458 1401 h.
490 1325 622 1403 Hoca
651 1326 724 1414 ‘te,
757 1314 908 1401 amabo.
966 1303 1102 1400 Mat'er
1115 1345 1204 1400 mea
1216 1315 1301 1401 illic
1315 1346 1424 1403 mor·

525 1346 660 1516 tua'R¹
1376 1458 1428 1532 50

617 1570 621 1591 ⁴
1347 1547 1429 1628 Nu·

647 1657 683 1725 D
727 1658 760 1725 0
804 1658 842 1723 N
886 1657 919 1724 A
963 1660 992 1722 T
1038 1657 1073 1724 U
1121 1662 1152 1723 S.

389 1767 453 1831 tori
479 1758 686 1846 postmodum
703 1759 845 1848 cognito.
890 1758 932 1825 Et
950 1764 1012 1824 hoc
1030 1761 1093 1825 fine
1110 1765 1236 1843 puella,
1266 1772 1298 1823 et
1315 1777 1431 1822 mune·

263 1922 264 1927 ἵ
387 1868 462 1912 rum
478 1844 598 1925 eausa,
629 1850 773 1908 multum
792 1865 850 1927 pro
870 1846 972 1909 milite
991 1861 1104 1908 contra
1123 1843 1310 1908 Phaedriam
1326 1847 1424 1906 valet.

390 1929 451 1994 Sed
468 1927 538 1992 vide
559 1926 777 2008 meretricem,
799 1929 873 2020 quia
890 1947 959 1991 rem
975 1926 1051 1990 dixit
1061 1941 1281 2011 perurentem‚
1311 1940 1394 2010 quot
1404 1938 1432 1986 et

389 2013 496 2094 qualia
514 2010 731 2075 blandimenta
750 2010 898 2092 subjicit,
921 2011 1081 2080 dicendo,
1118 2018 1194 2075 Ture
1203 2013 1284 2092 scir,
1306 2010 1369 2096 post
1384 2009 1435 2071 illa

389 2119 479 2186 quam
495 2096 635 2159 intimam
650 2092 769 2159 habeam
784 2110 836 2163 te,
859 2094 928 2167 &a

367 2172 377 2195 ⁸
433 2197 486 2262 47.
511 2176 707 2262 Comama]
733 2175 863 2259 Proprie
879 2193 1056 2241 coenovr.
1101 2177 1197 2240 Tura
1216 2191 1323 2243 sors,
1356 2189 1436 2236 rosr

392 2278 496 2330 rata,
519 2259 598 2343 &eq
628 2260 782 2324 E'maaoai
802 2262 936 2348 figura:
965 2281 1043 2326 nam
1068 2263 1131 2324 hoc
1157 2261 1196 2324 ad
1221 2255 1439 2324 narrationem

368 2388 371 2393 -
393 2365 464 2413 non
483 2345 626 2426 pertinet.

315 2488 318 2497 ,
434 2426 486 2510 48.
513 2425 564 2488 Ετ
584 2441 659 2489 nen
682 2442 846 2493 coresnm
868 2445 918 2494 ur
943 2444 1016 2492 arar
1038 2443 1182 2493 cannara
1208 2434 1361 2504 orama]
1386 2420 1437 2484 Ex

391 2509 546 2591 praesenti
563 2508 636 2572 adiu
652 2509 782 2592 sumpsit
792 2526 1039 2598 argumentum,
1063 2511 1151 2594 quod
1171 2527 1249 2574 eum
1266 2528 1353 2574 nunc
1364 2522 1437 2569 tan-

392 2611 490 2678 quam
504 2593 727 2658 consultorem
743 2594 926 2659 adhibuerit.
972 2594 1015 2660 Et
1032 2599 1111 2659 bene
1128 2591 1301 2657 Currant.
1324 2591 1441 2655 secun·

394 2680 474 2741 dum
489 2674 589 2756 illud,
611 2666 740 2740 Portn'
760 2693 819 2744 aar
837 2694 899 2740 rrrc
920 2680 1083 2743 racana?

435 2777 489 2906 ἓξ.
512 2760 568 2822 Na
588 2777 657 2824 rroe
681 2773 854 2842 omnum]
878 2759 916 2824 ld
936 2763 997 2845 est,
1021 2767 1083 2826 hoc
1099 2780 1230 2847 quoque
1248 2758 1370 2824 falsum
1387 2756 1439 2820 est.

476 2859 635 2908 [aaronita
652 2860 691 2905 11>
714 2845 814 2926 nati]
844 2844 904 2909 Me
921 2867 989 2910 non
1005 2849 1179 2909 taciturum
1196 2844 1327 2908 scilicet.

439 2944 491 3004 50.
517 2927 598 2990 Hoc
623 2940 757 3008 aetra]
781 2928 847 2992 Pro
857 2926 1004 2993 adverbio
1015 2926 1212 3010 corripientis
1225 2927 1268 2990 est
1282 2925 1443 3008 positum:

397 3020 452 3071 aut
479 3023 564 3074 certe
598 3030 656 3092 pro
683 3011 904 3076 adhortatione
937 3011 1111 3077 audientiae
1137 3011 1339 3090 praebendae.
1389 3006 1441 3070 Sic

396 3088 547 3175 Plautus,
569 3095 634 3158 Hac
657 3098 755 3178 agite,
769 3097 880 3178 sultis,
895 3097 1080 3181 speriatores.
1130 3093 1172 3157 Et
1192 3094 1443 3157 convenitvelut

398 3187 482 3238 nutu
505 3176 696 3241 audientiam
716 3176 941 3263 fignifieantis‚
965 3195 995 3242 et
1012 3180 1098 3273 gestu
1115 3182 1178 3242 hoc
1196 3176 1298 3258 ipsum
1315 3174 1446 3254 adjuva·

397 3253 434 3319 ri.
478 3257 557 3323 Hoc
581 3274 712 3337 norm
736 3263 766 3326 id
782 3263 845 3330 eii,
869 3263 950 3325 illud
969 3262 1118 3342 dermite,
1140 3277 1170 3325 et
1191 3264 1254 3324 hoc
1270 3258 1436 3324 attendite.

578 3355 1241 3433 COMMENTARIUS.

284 3516 289 3533 ,
402 3464 488 3522 maris
502 3465 665 3541 Carpathii,
687 3467 815 3544 opposita
831 3468 943 3529 Rhodo.
986 3471 1050 3544 Ejus
1060 3469 1189 3538 incolae,
1209 3462 1451 3542 oraoaiiaeaordi-

403 3540 443 3597 sti
458 3537 618 3623 veteribus,
644 3543 845 3600 mercenariam
864 3543 994 3601 militiam
1004 3546 1187 3624 praestabant.
1230 3542 1352 3601 Videtur
1361 3539 1449 3622 igitur

379 3690 383 3697 Δ
403 3615 511 3748 {3350
528 3633 558 3672 m
577 3615 689 3676 Cariam
705 3615 850 3694 profestus
867 3617 920 3676 effe
938 3619 974 3678 ad
988 3620 1182 3700 supplementa
1200 3618 1319 3700 militiae
1328 3615 1450 3675 conscri-

440 3784 487 3840 47.
508 3770 607 3842 Qrarr
625 3786 766 3826 rnrrrrurr
788 3785 917 3828 narrari
937 3777 999 3838 rra]
1020 3774 1063 3829 Ita
1081 3770 1210 3841 Plautus,
1230 3770 1292 3830 Mil.
1303 3771 1343 3827 ΙΙ.
1365 3783 1391 3824 1.
1404 3780 1449 3840 30.

560 3845 698 3902 intimum
710 3842 747 3900 ibi
757 3844 784 3902 se
793 3843 867 3903 miles
876 3846 946 3920 apud
955 3848 1044 3915 leram
1054 3846 1129 3906 facit.
1266 3904 1274 3925 ,

442 3922 489 3986 48.
512 3920 588 3977 Mna
608 3938 751 3978 corrsrara
775 3940 816 3978 υτ
833 3940 899 3980 rrar
919 3929 1196 3993 enuntiatorem]
1216 3920 1350 3990 Plautus,
1369 3922 1455 3977 Truc.

392 3988 442 4047 -11.
453 4008 481 4060 4.
495 4010 539 4065 34.
560 3994 622 4053 Trbi
632 4014 691 4053 mea
700 3995 1028 4075 confiiiasummasrmper
1039 3999 1144 4057 credidi.

445 4081 490 4138 50.
508 4070 577 4128 Hoc
594 4080 713 4143 rerrn]
735 4073 863 4132 §triennis
879 4072 1004 4136 formula
1018 4079 1049 4137 in
1063 4076 1222 4145 attentione
1239 4064 1289 4133 fibi
1300 4068 1455 4132 concilian-

404 4137 449 4200 da.
486 4142 692 4228 And.1.2.15.
733 4150 895 4212 Phorm·11·
912 4166 937 4228 3·
959 4148 985 4227 3¹·
1341 4236 1375 4297 51
1410 4221 1458 4279 Α»
