3392 5142
239 664 245 673 ¹
345 625 417 723 588
598 619 1040 695 -Pnoroene
1121 698 1123 705 ,

342 730 488 805 Decesse
503 731 698 828 populum:
733 755 796 803 cur
818 732 934 805 insano
958 731 1100 805 serviat?

344 827 401 899 De
426 827 513 901 illius
536 829 683 925 peccatis
707 828 804 922 plura
827 826 941 920 dicet,
965 852 1044 898 curn
1062 827 1156 901 dabit

340 918 434 994 Alias
458 941 581 1015 novae,
605 920 667 994 nisi
684 921 789 1013 finem
806 921 993 994 maledidis
1017 923 1114 993 facit.

341 1015 466 1089 Adeste
489 1041 596 1115 aequo
611 1013 752 1090 animo:
789 1017 868 1089 date
891 1016 1124 1114 potestatem,
1160 1016 1248 1089 mihi
1328 1037 1368 1113 35

341 1113 519 1186 Statariam
536 1135 635 1210 agere
649 1133 688 1184 ut
711 1115 811 1186 liceat
836 1137 898 1207 per
922 1111 1091 1183 silentium
1114 1137 1122 1182 :
1226 1126 1228 1131 '

340 1207 404 1281 Ne
426 1206 555 1302 semper
577 1207 878 1298 servusscurrens,
910 1209 1013 1279 iratus
1033 1205 1156 1296 senex,

297 1302 300 1307 ’
339 1303 439 1376 Edax
458 1301 644 1397 parafitur,
678 1303 887 1398 sycophanta
902 1321 1016 1376 autem
1042 1303 1245 1400 impudenS,

341 1401 475 1473 Avarus
499 1399 598 1490 leno,
624 1396 745 1495 assidue
769 1398 891 1494 agendi
915 1394 982 1468 sint
1007 1399 1114 1490 mihi,

566 1517 1147 1588 CALPHURNFUS.

330 1624 421 1707 palus
437 1627 469 1685 in
487 1625 538 1685 via
553 1610 698 1693 decedat,
727 1642 756 1688 et
777 1627 874 1707 inferno
889 1625 1031 1706 serviat?
1082 1627 1099 1662 *
1116 1643 1169 1708 35.
1190 1623 1363 1704 ADEs'ru]

339 1703 493 1785 Aurora,
516 1704 546 1767 id
565 1705 623 1775 ert,
653 1708 763 1770 intenti
783 1710 901 1776 estote,
925 1724 954 1769 et
973 1708 1130 1773 auxilium
1145 1708 1247 1777 ferte,
1271 1728 1360 1772 more

226 1841 229 1847 .
337 1787 499 1865 advocati,
521 1788 574 1870 qui
593 1788 698 1852 clienti
716 1789 806 1852 adest.
851 1808 900 1871 35.
920 1787 1021 1853 Dara
1042 1805 1284 1872 rorusrarmt,
1307 1806 1364 1855 ur-

230 1886 235 1893 ·
338 1883 377 1929 ru
398 1884 594 1948 srrrartrau
614 1884 754 1953 aornar
789 1871 839 1936 Ut
857 1877 947 1934 liceat
965 1874 1003 1936 ad
1015 1874 1135 1937 exitum
1152 1872 1253 1953 usque
1272 1873 1362 1936 fabu-

339 1955 388 2015 lae
408 1965 557 2036 perpetuo
578 1951 670 2031 stare,
695 1975 735 2018 ne
752 1955 896 2019 videlicet
913 1957 1018 2033 aliqua
1033 1958 1123 2018 turba
1139 1955 1215 2019 fiat:
1242 1971 1277 2017 ut
1294 1955 1361 2018 fieri

338 2033 419 2098 solet
437 2071 447 2103 ‚
476 2049 529 2098 aut
548 2034 627 2106 ludis
646 2036 841 2115 funambuli,
865 2052 918 2099 aut
935 2036 1156 2119 gladiatorum.
1180 2039 1362 2107 tuncenim

339 2115 460 2181 neceffe
477 2118 518 2182 ell
534 2119 710 2200 relinquere
728 2118 924 2181 Comoediae
942 2118 1109 2188 adiuuem.
1171 2119 1214 2183 Et
1231 2121 1310 2184 bene
1324 2117 1366 2184 di·

340 2202 403 2281 xit,
426 2215 630 2274 srrraurrnr.
674 2201 832 2286 Agienim
858 2202 1120 2282 diciturfabula,
1154 2220 1233 2265 cum
1254 2204 1362 2265 recita·

339 2297 411 2360 tur,
445 2286 529 2346 Stare
546 2302 617 2346 cum
634 2289 745 2364 placet
789 2283 842 2347 Eu
859 2285 952 2348 etiam
963 2282 1137 2347 Comoedia
1153 2302 1234 2368 quae
1251 2283 1361 2349 dicitur

330 2366 459 2444 stataria
475 2381 528 2428 aut
545 2369 681 2444 motoria,
704 2387 721 2428 a
737 2366 862 2430 datariis
879 2365 996 2429 adibus
1015 2373 1063 2430 vel
1084 2364 1242 2430 motoriis.
1344 2441 1347 2447 Ι

339 2497 346 2505 .
382 2465 430 2530 37.
459 2445 518 2508 Ne
547 2461 677 2509 srurmt
706 2462 823 2511 suavus
853 2450 1036 2533 curiana]
1077 2445 1234 2530 Exprimit
1265 2448 1361 2513 varias

341 2529 507 2609 personas,
543 2548 622 2608 quae
640 2531 670 2591 iu
689 2529 874 2594 Comoediis
892 2532 1154 2615 introducuntur,
1177 2529 1291 2617 quibus
1314 2551 1360 2594 art

341 2610 466 2675 eornica
479 2612 570 2674 valde
587 2613 777 2677 nobilitatur.
823 2613 985 2675 Inducitur
1005 2628 1109 2675 autem
1127 2615 1188 2693 leno
1199 2609 1360 2701 perjuras,

340 2693 616 2773 amatorseruidus,
629 2697 735 2778 servus
751 2694 889 2772 callidus,
920 2712 948 2758 et
964 2697 1058 2758 amica
1076 2695 1218 2772 illudens,
1241 2713 1269 2757 et
1287 2721 1361 2760 uxor

341 2776 492 2842 inhibens,
512 2791 540 2836 et
557 2793 651 2837 mater
667 2777 835 2861 indulgens,
860 2794 889 2838 et
898 2795 1025 2863 patruus
1036 2778 1115 2860 objur
1135 2795 1216 2845 ator,
1239 2796 1268 2840 et
1278 2780 1364 2860 soda-

278 2876 282 2885 ’
341 2857 376 2920 lis
393 2857 577 2943 opitulator,¹
607 2873 637 2919 et
652 2860 731 2923 miles
739 2855 921 2945 praeliator,
944 2858 1098 2946 parafitie
1136 2883 1201 2939 ces,
1225 2877 1361 2946 parentes

493 3003 1200 3078 COMMENTARIUS.

240 3117 247 3127 '
342 3118 388 3199 οὓ.
428 3116 557 3184 Plautus,
575 3116 677 3202 Amph.
688 3121 741 3176 111.
753 3136 778 3192 5.
795 3135 819 3177 r.
860 3116 1078 3188 Merc.1.2.5.'
1104 3100 1359 3175 Poen.111.1.20.

341 3193 397 3249 er
415 3200 507 3249 autem
524 3191 703 3268 intelligitur,
724 3212 778 3272 qua
795 3196 904 3251 ratione
924 3210 1003 3250 vetus
1020 3195 1105 3261 Po‘e'ta
1120 3191 1217 3249 fecerit
1225 3191 1361 3270 populum

341 3265 473 3325 decedere
490 3267 609 3323 currenti
624 3267 723 3335 servo,
742 3269 787 3326 seu
803 3270 833 3326 ia
849 3268 948 3334 scena,
968 3267 1014 3324 seu
1030 3269 1061 3324 in
1076 3268 1129 3325 via.

379 3354 423 3414 33.
445 3345 510 3400 Cure
531 3342 645 3399 insano
664 3361 795 3401 aarum
806 3349 828 3410 l]
854 3342 949 3400 Sensus
968 3342 1166 3410 videturesse,
1187 3347 1246 3396 Cur
1255 3342 1361 3416 popalus

333 3419 440 3491 serviat
454 3417 545 3492 insano
558 3415 654 3489 struo,
674 3417 755 3476 velsr
772 3418 861 3477 mavit
880 3422 996 3474 Poetae?
1034 3416 1152 3487 Videtur
1168 3434 1262 3474 autem
1277 3418 1361 3475 servi-

337 3513 386 3562 re,
408 3491 455 3550 ubi
473 3490 582 3552 decedit
600 3495 721 3550 currenti
738 3492 772 3550 de
789 3495 843 3552 via
884 3498 975 3570 Atque
991 3495 1020 3549 in
1038 3511 1073 3550 eo
1082 3492 1243 3550 consistebat
1260 3511 1356 3569 pecca-

337 3587 397 3627 tum
411 3571 513 3628 veteris
531 3566 639 3624 Po'c'tae.
679 3567 751 3625 Vide
763 3571 921 3626 Commene
937 3568 1082 3639 majorem.

375 3648 421 3718 36.
443 3646 652 3708 suranna]
673 3642 797 3720 Explicat
813 3641 1004 3718 Calphurnius.
1044 3642 1183 3699 Dicuntur
1200 3659 1294 3698 autem
1312 3642 1362 3698 eti*

321 3738 381 3777 am
398 3719 515 3778 Astores
527 3715 654 3787 statarii,
676 3718 735 3775 Cic.
744 3720 819 3773 Brut.
833 3735 876 3787 30.
901 3718 992 3792 Origo
1009 3718 1086 3774 vocis
1100 3719 1116 3772 l
1135 3715 1270 3774 militibus
1274 3715 1362 3785 stara·

265 3839 268 3843 -
307 3801 310 3807 ’
334 3794 397 3864 riis,
419 3793 530 3852 ordines
547 3794 609 3850 suos
624 3793 654 3850 in
671 3791 801 3850 oouslistu
819 3790 908 3869 rigide
923 3790 1101 3849 servantibus.
1141 3791 1211 3849 Vide
1229 3790 1304 3850 Voss.
1317 3795 1362 3848 In·

332 3873 384 3932 stit.
395 3871 474 3928 Poit.
486 3871 523 3926 11.
537 3886 580 3940 37.
599 3885 640 3936 14.

370 3953 415 4016 38.
439 3949 653 4002 Srcorrrrrrrrt.
676 3939 746 3998 Vide
765 3939 840 3999 And.
852 3942 899 3998 lV.
915 3957 940 4014 5.
955 3959 1000 4000 κο.

367 4039 412 4098 39.
432 4023 559 4078 Aorrrn'r
578 4036 650 4077 rtur
672 4019 769 4084 urim]
787 4015 907 4091 Videtur
922 4018 1009 4093 igitur
1027 4017 1144 4075 omnino
1161 4016 1244 4074 senex
1264 4017 1361 4076 hiere-

325 4099 428 4163 citatot
443 4095 528 4154 etiam
546 4096 561 4152 e
586 4111 671 4171 grege
686 4092 787 4154 veteris
806 4093 910 4153 Po'c'tae
928 4093 957 4153 L.
974 4091 1083 4155 Lauinii
1100 4088 1186 4152 fuiffe
1296 4170 1324 4228 M

345 4217 356 4226 .,
1224 4185 1273 4244 41·
1328 4177 1366 4224 ra
