3392 5142
453 644 680 719 Aeros
730 641 1026 718 iscurra
1078 644 1136 721 11.
1247 668 1317 747 349

268 766 395 876 Quia
409 756 514 844 solae
529 780 695 843 utuntur
711 758 773 842 his
789 767 969 871 reginam
997 769 1158 872 repperi.

261 874 266 881 ’
285 882 388 960 Heri
403 880 529 961 minas
545 877 687 984 viginti
703 901 775 987 pto
793 870 986 957 ambobus
1002 872 1103 956 dedi.

1234 990 1316 1074 Ta·

522 1138 1088 1220 DONATUS.

331 1300 384 1366 88.
408 1305 500 1383 Qun
517 1317 622 1366 sonna
637 1317 798 1365 uruurun
811 1318 865 1365 ins
892 1300 1082 1383 Reunia]
1108 1300 1224 1386 Illam,
1245 1308 1320 1389 quia

262 1390 326 1447 'ex
346 1385 533 1467 Aethiopia,
564 1387 650 1448 hunc
678 1422 688 1454 ‚
727 1386 801 1465 quia
823 1386 910 1451 solae
934 1388 980 1450 his
1005 1384 1148 1472 Reginae
1173 1400 1318 1452 utuntur.

286 1467 378 1549 Quid
406 1475 468 1533 tale
486 1467 603 1532 Thaidi
630 1465 734 1530 rivalis
752 1468 870 1531 dedit?
912 1471 1006 1552 Quln
1031 1484 1137 1532 sonat-2
1159 1485 1320 1534 uruntur.

287 1566 347 1614 ms
365 1550 557 1636 Redime]
586 1553 699 1627 Varie3
720 1549 1029 1634 Eunucuuudirit,
1053 1554 1317 1623 etintulit21us.

287 1650 344 1716 ut,
416 1638 449 1699 Si
462 1638 613 1723 quisquam
631 1637 689 1716 est,
712 1639 762 1722 qui
781 1638 895 1722 placere
903 1638 937 1717 se
946 1640 1066 1718 studeat
1083 1639 1163 1700 bonis

412 1721 511 1805 Quam
521 1717 679 1804 plurimis,
701 1736 730 1781 et
748 1721 869 1782 minime
885 1721 991 1784 multos
1004 1720 1137 1784 laedere.-

411 1804 449 1864 In
465 1802 510 1864 his
526 1802 621 1863 Paria
636 1800 683 1866 hic
700 1825 802 1866 nomen
810 1805 967 1891 profitetur
974 1807 1078 1886 fitam.

332 1886 525 1969 REGINAE]
548 1884 580 1947 [d
598 1884 661 1967 est,
683 1885 803 1949 divites.
828 1887 880 1948 sed
905 1885 1106 1960 ἒμῲιτικύτερον
1127 1884 1181 1949 est.
1225 1885 1322 1969 Quln

290 1984 398 2030 socna
431 1980 591 2031 uruuruu
617 1985 670 2030 tus
709 1972 889 2052 auctura]
923 1967 1041 2040 Nota,
1076 1987 1179 2048 quum
1203 1965 1319 2034 Eunu·

290 2055 391 2115 chum
408 2052 440 2114 in
459 2051 606 2136 singulari
624 2072 758 2121 numero
781 2051 1011 2134 praeposuerit,
1042 2069 1094 2115 ius
1116 2051 1319 2132 subjunriffe.

289 2134 345 2202 sed
361 2151 415 2195 tus
439 2153 505 2197 non
523 2135 562 2201 ad
581 2131 777 2199 Eunuchum
803 2138 931 2205 retulit,
956 2135 1008 2198 sed
1034 2136 1072 2198 ad
1089 2135 1236 2213 delicias,
1267 2150 1323 2201 aut

290 2218 367 2299 quid
384 2223 465 2290 tale:
490 2220 564 2303 quia
577 2218 663 2281 solae
681 2233 815 2283 utuntur
833 2218 1016 2299 huiusmodi
1040 2217 1160 2281 deliciis
1179 2216 1333 2282 servitiiil'

291 2321 356 2384 que
373 2298 523 2384 Reginae.
571 2299 614 2364 Et
634 2307 771 2367 oratorie
788 2302 834 2365 hie
856 2302 1008 2370 subdidit,
1030 2300 1119 2385 quod
1136 2301 1168 2363 iu
1187 2301 1323 2367 ancillu-

292 2392 325 2449 la
341 2385 554 2464 praetermifit.
577 2386 651 2464 quia
669 2393 760 2449 nulla
777 2384 969 2466 Aethiopiisa
986 2383 1183 2449 honestadici
1204 2387 1322 2465 potuit.

233 2513 235 2517 -
292 2470 338 2531 Er
355 2468 400 2530 Re
420 2469 484 2530 inas
502 2468 603 2532 modo
619 2469 729 2532 divites
753 2469 839 2531 dicit.
864 2472 948 2533 utin
974 2468 1188 2548 Phormione,
1211 2469 1324 2555 Regem

293 2575 340 2613 me
362 2490 418 2631 eff}
437 2554 572 2637 oportuit.
617 2552 798 2636 Rarum]
830 2551 904 2615 Plus
923 2551 964 2615 est
983 2568 1080 2633 quam
1100 2553 1168 2613 emi.
1212 2547 1256 2615 Et
1277 2551 1325 2616 vi·

293 2634 333 2696 de
349 2653 445 2717 quarn
462 2633 593 2715 propriis
610 2649 640 2697 et
656 2634 847 2717 ampliffimis
866 2638 966 2699 verbis
982 2633 1120 2698 usutest.
1141 2634 1217 2718 quia
1231 2650 1262 2700 et
1271 2655 1328 2700 an·
1442 2688 1445 2695 .

295 2720 406 2780 cillam
432 2735 470 2779 ex
496 2718 664 2799 Athiopia,
699 2736 729 2782 et
749 2718 969 2785 Eunuchum:
1002 2737 1069 2802 quo
1086 2717 1171 2781 solae
1189 2732 1324 2784 utuntur

294 2798 446 2883 Reginae.
473 2800 563 2864 iilam
581 2801 727 2889 quaestui,
757 2817 786 2865 et
805 2806 891 2866 hunc
909 2807 1042 2890 reppers':
1064 2816 1215 2893 neutrum
1238 2801 1327 2870 euim

295 2887 414 2948 horum
429 2883 523 2944 facile
543 2884 679 2962 positum
695 2900 772 2952 erat.
868 2910 870 2917 ·

337 2969 388 3048 89.
415 2968 506 3031 Haut
522 2982 629 3028 tuntas
645 2982 781 3032 victu-rt
798 2985 864 3032 ruo
882 2982 1038 3031 nnuonus
1056 2978 1169 3048 ouon]
1197 2965 1327 3036 Recen.

294 3056 379 3118 tiora
396 3049 548 3113 beneficia
565 3053 710 3134 graviora
726 3052 891 3115 adversum
918 3053 1057 3135 ingratos
1076 3047 1160 3112 sunt.
1205 3049 1294 3138 Ergo
1309 3075 1329 3118 a

293 3153 441 3216 tempore
464 3132 624 3197 inducitur
648 3136 859 3215 exprobratio.
911 3135 984 3197 Puo
1019 3147 1173 3197 nuuouus
1205 3140 1326 3223 ouon]

295 3220 421 3285 Melius
439 3217 610 3280 amborum
626 3219 780 3296 praetium
798 3218 895 3296 dixit,
929 3237 1027 3301 quam
1045 3232 1079 3279 ut
1100 3215 1266 3299 separatim
1281 3222 1328 3285 di·

266 3362 270 3377 „
296 3319 400 3383 ceret,
447 3315 545 3362 uauto
565 3301 674 3362 emerit
686 3303 873 3364 ancillulam
891 3300 1031 3384 nigram:
1056 3301 1095 3362 de
1111 3319 1174 3385 qua
1190 3321 1267 3366 mox
1284 3305 1331 3369 di·

297 3403 407 3454 cetur,
422 3320 502 3447 (inc
521 3396 605 3445 surur
620 3398 702 3445 rues
718 3399 840 3446 uiuae,
883 3384 972 3447 Nam
994 3384 1114 3447 constat
1129 3382 1330 3450 Eunuchum

297 3471 406 3535 solum
425 3482 550 3614 engum
574 3464 635 3529 effe
659 3467 754 3531 minis
771 3466 901 3553 viginti,
937 3483 971 3531 ut
988 3467 1050 3550 ipse
1070 3469 1229 3533 Parmeno
1248 3486 1329 3534 con·

304 3555 441 3619 fitebitut
491 3570 532 3615 nt.

485 3694 1144 3763 COMMENTARIUS.

335 3848 383 3924 89.
394 3849 499 3904 Murus
516 3862 643 3903 victuri
661 3860 720 3903 ruo
739 3860 884 3905 monus
899 3842 1002 3924 nunu]
1022 3843 1066 3903 Ita
1074 3841 1191 3921 Adelph.
1203 3837 1239 3899 ll.
1251 3840 1334 3917 1.25.'

298 3923 429 3988 Plautus,
449 3919 568 3979 Mostell.
580 3920 601 3977 1.
614 3936 640 3995 3.
653 3935 714 3991 142.

452 3993 572 4067 Triginta
581 3994 933 4075 minasprocaptumdedi.

296 4070 343 4132 Est
360 4085 455 4129 autem
471 4070 565 4158 mina,
584 4077 715 4143 Gemi,
732 4073 791 4153 ipsa
806 4070 950 4177 argenti?
1009 4068 1188 4143 ,sedunens
1206 4072 1331 4130 florenos
1433 4095 1436 4101 ¹

1177 4240 1226 4300 90.
1245 4225 1333 4285 Hauc
