3392 5142
327 601 399 675 682
517 596 1143 670 Hniuronrrnonunnnos.

321 708 468 784 Insciens
482 706 561 876 secsi.
584 709 644 781 Ch.
669 709 710 782 Id
725 708 883 807 equidem
898 729 988 802 ego,
1012 701 1093 774 situ
1113 719 1244 795 neges,
1269 718 1347 770 cer-

465 825 504 879 to
541 829 597 879 cro
1086 825 1089 830 ’

319 901 379 975 Te
393 900 588 974 inscientem
597 860 620 998 ,²
634 918 735 998 atque
748 900 1000 999 imprudentem
1013 895 1147 985 dicere,
1171 915 1211 964 ac
1232 890 1350 963 secere

461 1014 588 1071 omma.
1305 1008 1350 1056 20

316 1094 556 1188 Totrpeccata
570 1098 607 1168 in
624 1097 688 1169 hac
706 1120 742 1167 re
757 1093 923 1168 ostendis:
948 1115 1050 1183 nam,
1074 1091 1143 1184 jam
1166 1084 1349 1180 primum,

418 1187 496 1260 'isr
515 1213 629 1264 meum
1097 1232 1114 1285 .*

239 1373 242 1379 ,
321 1284 514 1381 Imperium
529 1287 664 1386 exsequi
678 1287 855 1382 voluisses,
879 1290 1095 1361 interemtum
1109 1278 1285 1374 oportuit.
1334 1355 1338 1363 ,

225 1394 229 1405 ’
322 1381 414 1454 Non
430 1379 584 1457 simulare
598 1404 747 1456 mortem
764 1386 896 1476 verbis,
920 1406 956 1454 re
973 1379 1042 1477 ipsa
1055 1377 1147 1475 spem
1157 1376 1252 1446 vitae
1260 1372 1348 1444 dare.

322 1479 373 1549 At
389 1476 424 1549 id
440 1478 586 1550 omitto:
614 1479 861 1573 misericordia,
884 1480 1015 1552 animus
1038 1493 1210 1547 maternus
1224 1496 1237 1542 :·
1262 1467 1364 1540 srno.¹

323 1571 444 1665 Qum
459 1573 545 1645 berre
558 1600 641 1651 vero
649 1577 706 1649 abs
714 1598 748 1650 te
764 1574 981 1674 prospedtum
997 1570 1065 1645 est!
1091 1560 1349 1668 quidvoluisti?

464 1691 509 1742 co
537 1671 593 1743 ita.
1305 1676 1350 1752 25

326 1764 470 1871 Nempe
486 1690 564 1836 arius
580 1768 630 1840 illi
645 1769 781 1863 prodita
796 1771 854 1842 abs
871 1790 907 1842 te
926 1765 996 1840 filia
1009 1763 1058 1838 est
1074 1757 1300 1860 planissume,
1358 1804 1360 1809 ,

576 1875 1097 1946 CALFHURNIUS.

325 1951 386 2017 esse
401 1953 535 2026 deberet.
599 1979 648 2040 19.
671 1961 825 2028 insonus
842 1966 957 2048 fron]
980 1963 1137 2039 Prudens,
1152 1954 1203 2048 'est
1219 1952 1277 2038 qui
1301 1952 1348 2014 in·

323 2034 495 2121 telligentia
512 2039 571 2136 suu·
583 2044 700 2126 aliquid
724 2045 966 2130 sentit21sciens‚
988 2046 1042 2128 qui
1065 2045 1202 2121 alicujus
1229 2034 1347 2128 indicio

322 2138 394 2212 rem
424 2129 598 2207 cognoscit.
643 2129 807 2209 Prudens,
837 2148 891 2211 per
909 2127 1003 2191 sese:
1028 2127 1143 2200 Sciens,
1166 2140 1222 2204 per
1255 2124 1345 2182 anos.

327 2201 433 2284 Cujus
451 2208 645 2276 contrarium
662 2224 836 2281 inserens,
858 2226 889 2276 et
913 2211 1028 2294 estqui
1053 2211 1177 2296 ignorat
1203 2220 1266 2267 res.
1309 2198 1352 2262 Et

327 2287 511 2372 imprudens,
532 2292 585 2374 qui
596 2294 830 2361 nondelesium
847 2297 935 2359 babet
952 2295 1154 2357 bonorumet
1173 2291 1347 2351 maiorum.

328 2367 350 2408 ³*
374 2368 529 2432 Insciens
545 2388 652 2457 rnen]
680 2377 820 2442 Venialis
836 2378 942 2442 status.
986 2396 1036 2439 22.
1063 2374 1237 2437 [munerun
1257 2381 1352 2429 ExsE·

325 2452 421 2547 Q]
442 2449 585 2519 Primum
595 2462 683 2539 ponit
694 2459 975 2544 peccatum‚quod
985 2472 1097 2521 contra
1106 2450 1349 2545 edidiumsuum

324 2537 449 2602 'iecerit-
495 2538 511 2573 *
528 2538 766 2606 snrnnnmrnn
783 2550 983 2620 numerurm]
1009 2541 1072 2603 Hic
1088 2539 1351 2621 poniturparrrer-

325 2617 419 2714 pium
436 2624 588 2698 praeteriti
605 2630 754 2706 temporis
771 2647 827 2709 pro
844 2623 1002 2690 infinitivo
1025 2623 1168 2686 interimi.
1213 2615 1248 2681 id
1266 2613 1355 2677 enim

330 2706 369 2762 nt
385 2719 416 2762 rn
434 2704 557 2767 duobus
575 2708 692 2772 casrbus
708 2757 718 2790 ,
737 2709 914 2774 accusativo
924 2723 954 2771 et
970 2704 1119 2771 ablativo.
1165 2721 1216 2784 24·
1242 2700 1354 2775 Suro]

333 2780 509 2850 G0¹¹⁰⁰d⁰²
531 2789 604 2866 quia
618 2790 740 2855 animus
760 2809 920 2857 maternus
940 2793 1115 2875 plurimum
1131 2785 1242 2850 veniae
1257 2798 1358 2845 mere·

333 2877 395 2926 rur.
443 2867 459 2901 *
483 2887 533 2946 25.
558 2870 785 2937 Pnosrecrunr
800 2878 895 2959 nsrs]
920 2875 983 2939 Hic
1001 2873 1043 2936 est
1062 2869 1273 2950 impersonale
1289 2860 1355 2943 pes·

234 3019 237 3023 ,
335 2945 415 3009 slvae
431 2952 540 3020 vocis,
562 2971 634 3018 ante
658 2957 689 3019 se
713 2960 827 3022 habens
842 2957 1043 3025 ablativum,
1064 2952 1223 3017 mediante
1245 2951 1281 3012 ab
1304 2948 1356 3007 vel

332 3031 402 3106 abs,
426 3046 457 3093 et
473 3033 540 3114 post
558 3038 666 3102 casum
681 3039 728 3102 sui
743 3041 837 3105 verbi.
881 3039 1006 3104 Eodem
1030 3037 1130 3102 modo
1156 3037 1189 3098 in
1208 3027 1357 3112 Epistolis

335 3110 453 3175 Cicero
465 3119 616 3200 loquitur.
651 3123 692 3185 ait
701 3125 786 3203 enim
796 3145 823 3189 :··
833 3126 918 3210 Quod
920 3122 952 3200 fi
966 3123 1036 3186 meir
1051 3119 1210 3184 rationibus
1224 3131 1282 3205 are
1293 3128 1360 3197 pro·

324 3195 456 3288 [perium
472 3199 525 3282 este
533 3203 711 3279 intellexero.
755 3207 808 3273 26.
830 3211 897 3271 surr
916 3213 1095 3282 erronum]
1118 3195 1360 3287 Signanuffime,

519 3300 1169 3374 COMMENTARIUS.

376 3422 420 3466 22.
440 3407 599 3468 Inbrinium
615 3419 768 3482 enmono]
796 3416 839 3471 Ita
855 3412 982 3482 Plautus,
999 3411 1099 3491 Amph.
1117 3411 1141 3467 1.
1158 3405 1258 3467 1.106.
1279 3412 1360 3460 Nunc

334 3497 442 3563 pergam
450 3480 506 3553 beri
514 3484 662 3562 imperium
670 3489 788 3569 exsequi.
826 3487 973 3566 Virgilius,
993 3481 1207 3560 Aen.1V.396·
1227 3480 1301 3559 luffa
1317 3493 1360 3535 Μ·

315 3626 319 3635 Ι
339 3581 400 3618 rnen
416 3559 524 3617 uivdn
542 3560 706 3640 exsequitur.
1008 3624 1010 3630 .

377 3636 592 3696 Imrbnnurnrr
611 3643 791 3706 erronum]
816 3643 857 3696 Ex
872 3657 953 3695 more
976 3640 1173 3705 Graecorum,
1201 3632 1276 3768 apud
1294 3647 1363 3718 quos

339 3712 459 3776 liberum
476 3727 534 3769 erat
545 3716 616 3791 patri
625 3754 634 3782 ‚
653 3714 698 3772 vel
714 3714 787 3772 alere
804 3713 913 3792 partum
922 3753 931 3780 ‚
950 3712 997 3772 vel
1013 3712 1140 3771 occidere
1149 3750 1159 3780 ,
1179 3727 1207 3768 te
1231 3708 1365 3767 eArrsto·

339 3785 413 3857 tele,
433 3788 468 3847 de
476 3786 583 3864 Repub.
591 3791 654 3847 VII.
674 3789 715 3848 16.
753 3790 824 3848 Vide
842 3789 959 3847 omnino
969 3791 1129 3847 Comment.
1139 3786 1288 3861 majorem.

378 3879 424 3938 23.
446 3869 607 3923 numme
622 3884 748 3932 vunurs,
767 3880 806 3923 nn
822 3883 888 3924 1r>sn
903 3879 979 3922 sm
993 3871 1098 3940 neuen]
1117 3861 1264 3939 Eleganter
1273 3876 1364 3937 oppo⁴

252 3955 255 3963 ¹
339 3956 442 3999 nuntur
460 3937 543 3999 Verba
551 3956 579 3998 et
588 3946 644 4001 Res.
682 3940 836 4008 Sallustius,
851 3941 914 4018 Jug.
929 3937 975 4010 48.
995 3940 1093 3997 Verbis
1106 3936 1365 4012 praenumiabatur,

340 4028 454 4073 eeterum
463 4015 611 4080 Rebeiinrn
626 4017 664 4092 as
670 4020 797 4077 errimum
807 4029 874 4075 erar.
912 4014 1027 4083 Livius,-
1039 4016 1157 4073 XXXV.
1171 4012 1218 4085 46.
1238 4011 1367 4070 rinnan-

327 4091 392 4224 dpe
400 4094 523 4188 Graerpae
531 4098 585 4166 Re,
593 4112 645 4152 non
652 4031 770 4166 Verbis,
786 4106 811 4152 rr
827 4091 990 4155 initiatione.
1009 4093 1054 4150 Ita
1064 4089 1366 4218 Graeciropponunffr

270 4190 274 4195 ’
346 4191 428 4237 ,σγος
445 4178 593 4245 αεςγοι.’
989 4206 992 4213 ’
1268 4181 1311 4237 ²7·
1348 4192 1360 4203 ‘
