3392 5142
360 640 432 745 388
506 735 509 743 ¹
676 622 1062 719 Eunuchus.

366 745 438 841 Ch.¹
468 756 529 837 Ut
545 753 657 839 illum
671 757 730 840 Dr
742 761 933 866 Deaeque
949 754 1100 840 senium
1118 755 1306 871 perdant,
1340 762 1414 869 qui

505 897 571 951 me
586 869 705 953 hodie
722 892 943 955 remoratus
958 869 1039 953 est:
1359 898 1412 952 ro

368 986 523 1094 Meque
545 983 673 1078 adeo,
707 992 775 1094 qui
796 983 1024 1068 restiterim:
1055 1005 1142 1068 tum
1156 1005 1312 1080 autem,
1327 1010 1331 1019 ·
1346 990 1417 1096 qui

507 1093 619 1180 illum
635 1096 931 1183 floccifecerim.

367 1207 450 1297 Sed
464 1235 604 1293 eccum
622 1214 921 1296 Parmenonem.
959 1209 1075 1295 salve.
1132 1210 1214 1294 Po.
1244 1206 1363 1322 Quid
1376 1236 1418 1294 tu

511 1349 553 1407 es
568 1321 711 1410 tristis?
742 1328 890 1436 quidve
907 1352 947 1408 es
963 1324 1124 1408 alacris?
1248 1354 1250 1359 ’
1293 1322 1416 1406 Unde

356 1526 457 1619 'nrm
483 1534 525 1603 Et
546 1536 596 1601 hic
615 1536 788 1601 ostenditur
801 1541 993 1620 jampridem
1011 1550 1140 1601 motum
1156 1537 1188 1600 in
1204 1555 1252 1599 res
1273 1536 1416 1600 Venere·

373 1646 408 1690 at
427 1622 615 1688 Chaeream.
657 1619 700 1683 Et
719 1641 835 1707 magna
852 1624 972 1688 Po'e'tae
989 1641 1066 1684 cura
1084 1619 1147 1700 est,
1177 1640 1218 1683 ne
1233 1619 1419 1684 incredibile

371 1708 538 1774 videatur,
561 1703 858 1782 adolescentulum,
893 1707 947 1790 qui
964 1725 1022 1786 pro
1042 1702 1205 1768 Eunucho
1221 1703 1339 1783 deduci
1357 1722 1415 1784 po·

373 1791 471 1854 ruerit
491 1837 501 1869 ,
533 1801 600 1850 tam
620 1785 760 1868 expedite
776 1789 933 1873 uirginem
950 1787 1077 1852 vitiasse.
1121 1787 1287 1868 Quocirca
1304 1787 1416 1850 artifex

374 1873 544 1952 summus,
569 1871 658 1951 quod
674 1871 766 1934 aetati
782 1890 849 1935 non
871 1870 989 1953 potest,
1014 1886 1143 1935 naturae
1158 1867 1298 1934 attribuit
1313 1867 1417 1934 Chae-

374 1974 447 2022 reae
459 1975 475 2021 :1
490 1969 525 2017 ut
542 1952 675 2018 calidior
692 1953 840 2038 ingenio,
863 1970 893 2019 et
911 1972 983 2018 ante
1000 1974 1102 2018 annos
1114 1968 1257 2023 amator,
1291 1971 1360 2017 non
1379 1954 1416 2017 li··

375 2038 519 2105 bidinern
535 2038 567 2100 in
585 2036 671 2130 sese,
693 2036 746 2101 sed
763 2040 925 2118 quandam
943 2037 1063 2102 rabiem
1081 2035 1287 2124 defignaverit
1304 2034 1338 2100 in
1353 2037 1416 2102 Ve-

377 2140 493 2188 nereos
511 2136 674 2202 appetitus.
884 2161 888 2166 -

424 2204 719 2289 10.·Ur‘11uun.]
744 2203 808 2267 Pro
828 2207 954 2269 utinam.
1013 2201 1062 2268 Dl
1086 2201 1260 2284 Duraque
1285 2217 1416 2267 samon

342 2336 345 2341 -
380 2289 573 2373 thanatan]
603 2289 680 2353 Plus
700 2289 775 2351 dixit
793 2303 945 2381 suumn,
968 2291 1185 2371 quamsenem.
1237 2287 1420 2351 Necmire·

380 2375 447 2442 ris,
469 2371 536 2453 post
554 2386 706 2440 sumunt
728 2373 969 2452 Qtradditumt'
998 2371 1070 2434 ideo
1088 2367 1419 2456 quiadeclinatiouem

381 2456 422 2519 ad
441 2452 641 2520 intellectum
661 2457 789 2521 retulit:
820 2472 856 2519 ut
873 2457 964 2536 alibl,
987 2454 1024 2517 In
1038 2450 1220 2519 Eunuchum
1231 2455 1332 2538 suam.
1376 2449 1420 2515 Et

374 2540 489 2622 feneam
522 2538 561 2602 ad
576 2553 712 2603 aetatem
727 2539 881 2604 refertur:
904 2538 1061 2618 Snnrurn,
1085 2536 1124 2601 ad
1142 2537 1343 2600 convicium.
1371 2535 1421 2599 Sic

379 2619 519 2687 Lucilius
543 2621 605 2701 ait,
637 2622 681 2703 At
705 2623 822 2709 quidem
835 2639 865 2686 te
880 2626 1020 2705 senium,
1047 2636 1135 2709 atque
1160 2620 1264 2703 insulse
1279 2617 1417 2706 septula.

425 2704 647 2771 Runonaros
673 2706 763 2789 usn]
787 2705 820 2769 A
846 2729 961 2768 remora
984 2703 1160 2785 pisciculo,
1190 2704 1306 2783 quiex
1330 2701 1423 2774 ἔχειιῑι

380 2801 537 2855 vocatur,
561 2789 714 2859 remoratio
731 2802 762 2850 et
777 2805 939 2853 remoratur
964 2789 1089 2851 dicitur.

426 2889 478 2939 ιι.
496 2869 587 2937 Turn
610 2886 759 2950 suren,
790 2889 853 2950 Qur
873 2887 978 2934 rurum
994 2880 1306 2951 acceleratum]
1330 2866 1418 2933 Τιιιι

380 2966 516 3034 nutura,
542 2973 621 3035 pro,
643 2971 683 3018 et.
726 2951 818 3018 Duas
835 2962 906 3018 vult
921 2956 1008 3018 enim
1023 2954 1132 3017 causas
1149 2951 1232 3031 else,
1258 2958 1318 3017 cur
1337 2952 1421 3034 seip-

381 3034 456 3100 sum
475 3033 523 3100 Dl
543 3039 690 3122 perdant:
713 3057 832 3116 unam,
857 3039 945 3119 quod
968 3037 1130 3103 restiterit:
1154 3042 1309 3106 alteram,
1335 3036 1423 3121 quod

383 3118 681 3201 senemperveritus
699 3120 752 3185 diu
771 3121 954 3185 remanserit
966 3143 985 3185 a
998 3119 1213 3202 persequenda
1223 3119 1357 3204 virgine.
1382 3116 1424 3182 Et

377 3215 463 3265 nota
483 3216 785 3286 floccwECERrM,
819 3219 849 3267 et
874 3223 1085 3272 contemnere,
1120 3218 1151 3266 et
1169 3225 1225 3271 non
1241 3219 1424 3265 contemnere

385 3283 581 3369 fignificare:
608 3305 643 3350 ut
667 3308 773 3366 nunc,
798 3289 871 3368 Qur
894 3303 998 3352 ruunt
1019 3300 1313 3350 noccrrecunrnt.
1337 3285 1422 3350 deest

281 3428 283 3435 ,
386 3369 452 3430 atel:
476 3384 509 3431 ut
532 3369 584 3450 fit,
608 3371 883 3451 oelfloccifhcerim.

388 3514 392 3521 .
432 3453 663 3535 12..Q,urnru
680 3469 716 3516 us
732 3453 891 3520 rursurs?
919 3469 1048 3533 Quruvu
1064 3469 1100 3516 ns
1121 3453 1316 3535 arienne]
1348 3451 1426 3517 Pro·

459 3620 462 3625 ·
572 3618 1274 3686 COMMENTAR1U5.‘
1355 3556 1427 3601 ω’

365 3770 369 3775 ,
385 3709 409 3765 1.
423 3724 447 3762 r.
459 3712 522 3770 218.
544 3713 646 3762 Parum
654 3703 754 3773 etiam,
773 3724 871 3784 praeut
873 3709 1007 3778 futurum
1016 3705 1068 3777 est,
1083 3703 1234 3781 praedicas.

428 3790 468 3840 1‘1.
488 3786 706 3861 Rusrrrunrnr.]
727 3781 886 3851 Phaedrus,
907 3787 959 3842 Ill.
969 3803 998 3859 7.
1008 3798 1035 3852 4.
1057 3782 1093 3842 de
1109 3799 1176 3840 caue
1192 3795 1221 3837 et
1237 3777 1430 3857 lupo-sibila·

386 3858 479 3918 vicem
490 3859 696 3916 occurrentibus
710 3876 717 3910 τ
737 3865 772 3913 Ut
781 3857 939 3931 restiterunt.
1358 3922 1363 3930 Ι

426 3937 492 4007 Qu
521 3954 614 3994 rnuun
643 3936 913 4005 auoccrnucunnr]
943 3935 1044 3992 Flaccus
1063 3953 1107 3992 res
1122 3933 1241 3992 minima
1256 3929 1304 3989 est.
1347 3922 1435 3991 Unde

382 4005 456 4088 jhm
466 4008 557 4080 facere
569 4013 607 4072 est
616 4012 726 4072 minimi
743 4008 894 4071 aestimare.
934 4011 1046 4071 Plautus
1055 4051 1064 4077 ‚
1086 4012 1170 4069 Stich.
1181 4011 1219 4067 11.
1239 4023 1262 4066 1.
1282 4023 1327 4066 12.
1421 4074 1425 4081 Ι

697 4084 772 4145 Cave
782 4106 946 4170 quemqnam
955 4092 1036 4148 llocci
1046 4086 1154 4146 feceris.

426 4178 471 4221 12.
493 4163 649 4237 Ausonia]
677 4164 756 4225 Idem
778 4182 895 4226 rursus
917 4182 944 4224 et
962 4183 1091 4227 tuncrus
1111 4162 1230 4231 dicitur,
1265 4160 1336 4242 quia
1355 4170 1436 4295 mii

1391 4256 1407 4295 e
