3392 5142
484 601 694 674 Acuus
744 597 801 669 II.
851 598 1042 675 Setun
1094 600 1170 676 IV.
1276 614 1351 703 649

327 711 564 878 Hominffi
578 708 735 781 miserum
751 734 821 782 non
838 711 939 783 licere
953 735 1032 784 meo
1050 716 1156 786 modo
1170 718 1351 815 ingenium

527 832 564 877 1.

329 902 383 996 Sy.
407 902 523 975 Immo
541 952 554 990 ‚
592 919 632 971 ut
649 920 781 994 patrem
798 920 899 975 tuum
912 901 984 974 vidi
1000 902 1066 975 else
1082 903 1258 1001 habitum,
1289 912 1351 986 diu

470 999 574 1068 etiarn
589 994 687 1066 duras
702 995 807 1069 dabit.
1235 1078 1238 1085 ,

327 1094 393 1167 Ba.
420 1090 587 1178 Qtisnam
612 1090 671 1162 hic
697 1091 889 1165 adolescens
903 1091 982 1183 est,
1015 1095 1075 1192 qui
1099 1094 1245 1169 intuitur
1259 1105 1350 1177 nos?

469 1191 538 1258 An.
562 1185 640 1258 Ah!
669 1187 776 1259 retine
792 1212 867 1277 me,
894 1188 1045 1260 obsecro.

326 1286 405 1360 Bu·
419 1282 580 1375 Amabo,
604 1282 688 1377 quid
704 1282 767 1353 tibi
784 1283 857 1354 est?
906 1289 973 1355 Au.
991 1283 1158 1380 Disperii!
1183 1290 1269 1383 perii
1284 1293 1350 1365 mi·

468 1374 554 1449 sera!
605 1380 670 1450 Bu.
695 1374 794 1472 Quid
810 1379 941 1472 stupes,

556 1485 1129 1554 GALPHURNIUS.

323 1591 480 1659 Lucilius,
501 1590 613 1674 carcer
630 1590 686 1652 vix
703 1611 817 1651 carcere
831 1591 945 1674 diguus.
978 1592 1161 1671 suffitum]
1186 1590 1355 1661 Sustineoa

325 1678 402 1739 alias
420 1672 590 1754 suppono,
624 1690 678 1735 22.
701 1670 817 1741 luno,
837 1688 883 1734 ur
904 1684 1040 1736 inruunt
1060 1691 1155 1747 ruunt
1182 1691 1258 1738 v1n1
1279 1689 1355 1739 esst

326 1767 510 1837 anutium]
534 1752 624 1831 Cum
639 1772 707 1817 nou
726 1751 816 1837 poffit
834 1773 886 1836 per
897 1752 928 1818 se
938 1757 1034 1838 Syrus
1052 1757 1271 1837 Clitiphonem
1290 1760 1353 1823 abi-

325 1860 418 1927 gere,
438 1838 476 1902 ud
494 1839 595 1903 minas
614 1837 707 1919 patris
723 1836 887 1920 confugit,
907 1857 1003 1919 quem
1023 1840 1112 1924 fingit
1131 1842 1257 1905 iratum.
1290 1846 1353 1907 Vt·

326 1939 366 1987 nt
386 1937 461 1989 usse
481 1930 664 2001 uncinum]
688 1919 785 1983 Vario
803 1920 903 1997 modo
918 1923 1062 1987 homines
1078 1923 1170 1993 habiti
1192 1940 1286 2006 atque
1301 1926 1351 1990 af·

324 2004 400 2071 fecii
416 2002 477 2069 effe
493 2000 638 2087 possunt:
662 2000 771 2087 quibus
789 2000 966 2069 secundum
984 2005 1197 2070 Academicos
1213 2008 1352 2073 aliudat·
1450 2040 1452 2044 ·

327 2108 390 2172 que
405 2086 490 2153 aliud
505 2086 637 2150 videtur.
683 2083 801 2172 Etthth
813 2101 924 2165 nultus
946 2091 1081 2171 unuln]
1106 2086 1351 2173 subintelligen-

328 2175 407 2235 dum
423 2170 464 2233 est
481 2175 532 2234 vel
550 2168 615 2232 lites
642 2173 694 2233 vel
710 2184 822 2255 partes.
867 2169 905 2232 ln
931 2171 1113 2248 Eunucho,
1138 2170 1239 2234 Duras
1250 2189 1352 2256 partes

319 2254 431 2333 fratris
447 2254 608 2339 praedicas.
651 2250 694 2315 Et
709 2266 810 2337 partes
834 2250 921 2314 duras
947 2255 1124 2325 μετφφομκὸς
1140 2254 1177 2314 ab
1194 2250 1351 2316 odoribus

328 2332 471 2400 scenicis.
514 2335 535 2377 *
562 2335 642 2403 vel,
666 2330 920 2413 Dunrsnnm,
944 2337 1076 2417 horest,
1098 2335 1354 2417 duruml'eprae·

328 2420 421 2481 behit.
467 2418 529 2482 Vel
551 2415 694 2480 absolute
721 2429 850 2493 nultus,
875 2429 908 2476 ut
934 2417 1068 2481 dicimus
1092 2423 1176 2481 bonas
1193 2419 1219 2479 ei
1238 2419 1351 2489 dedit,

327 2507 379 2566 vel
398 2501 481 2565 dabit
496 2518 625 2581 poenas.
650 2497 720 2561 Cic.
764 2497 988 2583 Quamprimum
1002 2502 1156 2563 adveniens
1172 2502 1261 2565 dedit.

370 2584 392 2626 *⁸
415 2601 466 2669 23.
495 2588 661 2645 lutultutt
681 2580 782 2664 Nou]
804 2581 934 2663 Abeo,
958 2585 1044 2666 quod
1073 2583 1113 2644 ell
1136 2582 1280 2652 intueor,
1303 2586 1352 2650 in·

329 2669 454 2733 tuetut‘,
474 2679 504 2727 et
522 2664 629 2727 intuor
646 2662 787 2726 intuitur.
831 2661 904 2727 An!
929 2681 1053 2747 numne
1069 2675 1145 2743 nm]
1170 2666 1350 2745 Antiphilae

328 2746 516 2830 praenimia
534 2745 664 2814 laetitia,
686 2741 896 2824 viseerum,
917 2747 1024 2821 auimo
1048 2754 1132 2814 male
1150 2745 1210 2810 effe
1232 2750 1345 2830 coepit.

329 2832 422 2898 Nam
437 2843 467 2892 et
484 2830 606 2892 animus
625 2847 689 2891 unu
698 2845 774 2889 cum
782 2846 916 2907 corpore
934 2849 1163 2915 nonnunquam
1180 2831 1286 2895 deficit
1299 2835 1347 2896 ni-

533 2920 1184 3000 COMMENTARIUS.

368 3049 414 3093 2¹.
432 3036 619 3102 bitumum]
647 3031 782 3108 intelligit
806 3031 893 3115 ipsam
909 3034 1087 3114 Antiphilam.
1127 3041 1170 3097 lta
1184 3036 1345 3115 Pamphilus

330 3112 365 3171 de
383 3109 530 3189 Glycerio,
551 3109 622 3168 And
632 3111 654 3166 1.
664 3124 690 3183 5.
700 3125 745 3179 40.

369 3203 414 3243 22.
437 3188 612 3253 Humum]
638 3188 675 3244 H.
692 3205 716 3243 e.
736 3187 770 3241 Se
787 3180 944 3244 habentem.
984 3187 1101 3246 Italion.
1118 3190 1164 3247 IV.
1175 3208 1200 3247 2.
1213 3189 1241 3247 6.

365 3268 470 3322 Dum
492 3267 610 3328 numm]
636 3257 775 3326 Subaudi,
797 3256 866 3315 Vim
882 3260 928 3317 vel
937 3269 1039 3322 Parus.
1081 3268 1123 3322 Ita
1138 3265 1205 3323 Eun.
1223 3266 1259 3325 11.
1271 3285 1294 3338 3.
1304 3266 1349 3326 62.

329 3338 478 3473 ihmdmil'
488 3350 514 3395 2.
526 3353 572 3408 23.
593 3335 678 3395 Poulr
686 3351 713 3392 et
719 3333 811 3411 plagas
822 3333 940 3413 intelligi
948 3380 957 3408 ,
979 3357 1008 3396 ut
1016 3341 1178 3419 metaphora
1186 3340 1351 3420 srtdpngili·

350 3434 381 3471 us
416 3429 528 3471 eumta.

366 3505 412 3566 ²3·
423 3490 603 3552 humum]
622 3485 665 3544 Ad
682 3484 799 3545 eandeu't
814 3483 934 3545 formam
943 3487 1012 3545 dixit
1021 3487 1147 3556 Plautus,
1168 3489 1350 3551 Mostell.111.

330 3584 358 3626 2.
370 3583 431 3642 ¹50·
452 3563 567 3648 liullam
582 3562 702 3642 equidem
718 3560 902 3620 inicornium
917 3579 1020 3650 mutor.
1063 3564 1202 3646 Lucretius
1211 3604 1221 3633 ,
1241 3568 1289 3623 Ν.
1308 3565 1353 3640 38.

368 3637 1240 3799 Rctniisigiluii‘dtsseiiitufiitiriiriigiitutiiiuiiiiiiiividetur
1257 3716 1352 3771 animo

328 3791 437 3868 linqui,
462 3808 489 3847 et
510 3793 558 3849 vix
576 3790 719 3849 consistere
735 3789 858 3868 pedibus.
899 3792 941 3846 lta
960 3788 1109 3856 Curculio,
1129 3807 1173 3845 ctu
1191 3788 1374 3867 μονῇ·
1394 3818 1397 3825 «

330 3861 458 3924 ridebant
465 3864 576 3933 inedia,
591 3866 663 3944 apud
672 3866 817 3933 Plautum,
837 3868 919 3921 Cute.
927 3866 964 3922 11.
976 3879 1001 3939 3.
1012 3882 1054 3936 31.
1076 3865 1168 3921 Recine
1174 3902 1185 3932 ,
1204 3864 1286 3921 mim

327 3940 432 4017 obsecro.
474 3940 612 4008 Ovidius,
634 3940 871 4012 Herordll.13o.

492 4017 627 4095 Linquor,
650 4014 786 4074 recueillis
797 4014 944 4119 excipienda
954 4014 1025 4072 cado.

371 4107 414 4165 24.
436 4094 524 4171 Qun
547 4112 615 4153 1111
632 4097 717 4162 Ξεϊξ]
743 4094 871 4181 Pennus
885 4092 999 4150 ruz-indi
1018 4110 1101 4160 cum,
1119 4087 1232 4165 cujusv-
