3392 5142
478 636 550 708 In
598 635 1194 715 Hnnuronrttuon.
1268 643 1337 738 589
1418 718 1420 723 .

324 748 483 820 Clamore
507 745 670 834 summo,
705 750 785 815 'c‘um
811 742 926 814 labore
949 767 1122 817 maxumo.
1226 770 1232 780 ·
1289 777 1371 848 40¹
1438 823 1445 835 ‚

276 935 279 939 Ι
324 845 409 916 Mea
426 841 521 919 causa
535 843 665 914 causam
684 839 770 911 hanc
784 838 908 932 justam
927 830 1148 915 esseanimum
1165 845 1336 943 inducite,

324 939 381 1012 Ut
405 941 515 1034 aliqua
538 961 612 1032 pars
636 932 759 1030 laboris
783 934 956 1004 minuatur
980 934 1075 1005 mihi.

326 1035 424 1106 Nam
442 1034 536 1106 nunc'
549 1052 651 1102 novas
673 1030 733 1193 qui
756 1025 925 1119 scribunt,
949 1027 1035 1098 nihil
1060 1053 1203 1125 parcunt
1226 1037 1313 1113 seni:
1360 1082 1362 1086 -

329 1127 456 1221 Siqua
481 1123 643 1197 laboriosa
665 1128 689 1192 ‘l
713 1175 725 1214 ‚
758 1123 799 1194 ad
823 1127 879 1193 me
902 1123 1067 1196 curritur:

329 1225 391 1296 Sin
416 1222 498 1293 lenis
521 1220 590 1310 est,
614 1219 654 1291 ad
677 1218 781 1289 alium
805 1217 955 1290 defertur
977 1239 1129 1314 gregem.
1292 1246 1341 1321 45
1380 1244 1382 1247 ·

331 1317 374 1388 In
393 1317 455 1386 hac
480 1314 529 1386 est
552 1338 636 1410 pura
660 1314 779 1385 oratio.
813 1313 1036 1408 experimini,
1173 1344 1175 1349 ·
1329 1346 1331 1352 ·

328 1411 371 1481 ln
387 1431 566 1503 utramque
588 1409 917 1504 partemingenium
942 1408 1024 1505 quid
1047 1410 1148 1507 possit
1172 1419 1299 1489 meum.

330 1508 369 1583 Si
394 1527 567 1600 nunquam
590 1528 686 1576 avare
711 1507 858 1599 pretium
883 1502 983 1575 statui
1007 1508 1071 1578 arti
1089 1531 1201 1600 meae,
1244 1508 1259 1539 ‘

559 1656 1122 1728 CALPHURNlUS.

330 1774 461 1834 tenaces,
482 1759 684 1820 etmeretrices·
699 1775 842 1844 procaces.
892 1778 943 1840 41.
968 1758 1053 1824 ΜΕΑ
1074 1777 1185 1827 cnusn'
1204 1782 1347 1832 cnusnle

281 1892 287 1901 .
329 1855 423 1904 niue
443 1848 602 1924 justum]
627 1842 811 1908 παρονομασία.
844 1859 895 1922 44.
908 1844 946 1923 St
962 1855 1032 1926 Qut
1052 1847 1241 1912 interiora
1263 1852 1343 1938 ’an

305 2002 309 2009 Ι
332 1924 456 2003 Juslutn
473 1925 588 1987 etenim
609 1921 650 1984 est
667 1921 730 1988 seni
747 1924 778 1995 in
797 1941 830 1984 re
848 1926 1001 1990 laboriosa
1025 1929 1167 1995 savorem
1184 1935 1346 2013 praeliare.

335 2034 346 2057 x
376 2006 639 2089 45'.Aum.1uis
670 2015 840 2086 enicem]
872 2006 1024 2072 Get-tenu
1055 2016 1286 2080 cum-contem
1309 2035 1344 2081 tu

335 2088 428 2169 dixit,
439 2092 528 2173 'alios
545 2089 663 2163 aelotes
683 2087 924 2173 parvifacie'ns..
954 2091 1111 2157 Gerenia
1127 2102 1260 2179 appellat
1277 2037 1343 2163 lie·

338 2173 485 2236 uicorum
502 2175 634 2236 turbam.
680 2174 808 2235 Plautus
829 2172 860 2234 in
880 2173 1022 2258 Prologo
1041 2175 1216 2260 Amatne,
1282 2240 1284 2247 .

458 2254 540 2341 Quae
552 2256 668 2344 quidem
677 2254 1177 2340 mihiatquevobitresvertatbene‚
1233 2246 1237 2255 Ι
1409 2316 1415 2327 .

456 2343 553 2426 Atque
574 2336 757 2422 huic-gregi.
808 2338 861 2416 46.
883 2337 950 2399 EST
971 2353 1056 2400 Punn
1078 2356 1239 2426 orento-J
1271 2346 1347 2411 Hoc

304 2428 308 2433 ’
336 2418 397 2497 est,
420 2418 532 2499 nitida,
555 2439 634 2503 quae
649 2421 741 2484 sicile
756 2418 909 2485 assensum
928 2421 1207 2490 auditorumineat.
1248 2426 1298 2508 48.
1312 2432 1347 2495 St

339 2513 510 2583 nuntium
532 2516 645 2564 avant
666 2500 815 2565 nutriuit
837 2515 982 2583 terrun]
1015 2504 1072 2566 Per
1090 2507 1164 2569 haec
1181 2506 1348 2575 verbaTe·

340 2586 457 2647 tentius
476 2584 665 2647 demonstrat
684 2606 779 2670 quam
794 2585 895 2669 gravis
916 2586 1025 2650 tutior
1043 2587 1095 2668 fit,
1124 2590 1177 2673 qui
1194 2592 1263 2656 suas
1279 2593 1348 2658 Co·
1419 2618 1421 2623 ·

340 2667 478 2730 moedias
505 2670 624 2748 probet.
648 2666 688 2732 fic
702 2669 860 2732 Horatius,
892 2667 1017 2733 Etcum
1039 2673 1199 2757 respondere
1221 2681 1348 2759 coneris,
1453 2662 1456 2669 Ι

378 2824 381 2829 1
460 2752 542 2837 Quae
558 2751 662 2834 grauis
681 2754 825 2838 Aesopus,
847 2773 920 2839 quae
931 2753 1160 2836 doduolsosciur
1175 2760 1244 2842 egit.

543 2871 1185 2939 COMMENTARIUS.

379 2997 426 3052 41.
444 2985 516 3040 Mun
538 2986 656 3049 ciust]
675 2985 718 3039 Ita
730 2983 797 3039 Eun.
808 2982 859 3039 ΙΙΙ.
877 2999 903 3038 2.
918 2982 962 3041 28.
982 2979 1057 3039 insta
1065 2982 1098 3038 V.
1115 2998 1140 3053 ς.
1157 2987 1200 3053 2'3.
1240 2987 1366 3042 Phorm.

342 3059 378 3114 V.
398 3065 423 3118 8.
443 3073 487 3128 27.
508 3075 535 3115 et
553 3058 653 3114 Cicero
668 3056 771 3134 paslim.
812 3057 964 3126 Phaedrus,
984 3060 1006 3113 1.
1026 3075 1069 3111 22.
1084 3074 1111 3125 4.
1125 3057 1225 3125 satores
1235 3060 1262 3134 Ji
1277 3059 1355 3116 causa

344 3150 415 3189 mea.
454 3132 512 3189 Ubi
530 3132 654 3189 observat
673 3130 715 3188 Cl.
732 3134 901 3188 Burmannus
918 3172 927 3200 ‚
954 3129 1006 3188 elle
1023 3132 1092 3186 hanc
1109 3131 1308 3208 elegantiorem
1325 3151 1355 3189 er

345 3205 486 3264 veteribus
499 3208 586 3284 magis
602 3205 726 3263 usitatam
744 3203 933 3273 locutionem,
954 3226 1037 3282 quam
1053 3204 1129 3280 causa
1139 3206 1195 3265 moi.

382 3284 509 3338 Autumu
531 3287 706 3346 inuenire]
725 3280 796 3338 Vide
815 3280 886 3337 And.
897 3284 948 3340 ΙΙΙ.
963 3301 986 3353 3.
999 3299 1042 3349 40.
1082 3284 1084 3293 '

318 3420 322 3425 ,
381 3373 428 3425 44·
444 3361 490 3414 llo
512 3361 754 3422 macuritarum]
781 3353 814 3411 ld
830 3375 892 3412 tum
909 3357 1048 3413 stomacho
1067 3373 1094 3414 et
1109 3357 1299 3435 indignatione
1316 3354 1357 3412 di·

345 3429 420 3488 stum
429 3471 438 3498 ,
461 3433 501 3488 uti
518 3431 589 3489 And.
600 3433 621 3486 l.
641 3447 665 3502 ς.
685 3432 727 3487 16.
750 3437 808 3484 Itur
824 3430 861 3486 ad
872 3448 921 3488 mr.

382 3523 427 3578 45.
450 3512 495 3565 An
515 3522 615 3564 attuit
637 3523 800 3565 onrunrun
820 3512 968 3571 eunoun]
988 3506 1120 3580 intelligit
1138 3507 1302 3564 histrionum
1318 3500 1357 3560 fa-

345 3579 459 3638 miliam.
497 3585 540 3639 lta
556 3582 666 3638 Phorm.
678 3580 751 3639 Prol.
763 3597 807 3657 32.
848 3581 976 3648 Planum,
996 3580 1067 3637 Asin.
1079 3581 1149 3637 Prol.
1164 3600 1188 3651 3.

347 3696 351 3701 -
381 3659 428 3725 46.
446 3659 531 3715 Punn
551 3662 690 3724 Onnum]
710 3660 753 3714 lta
765 3657 839 3733 Julio
859 3657 966 3713 Caesari
983 3657 1127 3712 Terentius
1144 3655 1230 3713 dietus
1243 3652 1377 3729 parison.

346 3731 431 3788 monis
446 3749 571 3799 amaror,
591 3732 703 3789 auetore
721 3737 835 3790 Donato
853 3734 882 3788 in
899 3734 956 3789 vita
973 3732 1105 3787 Terentii.

386 3825 431 3879 47.
453 3810 491 3865 ΙΝ
508 3824 679 3873 urrunnun
698 3801 851 3873 antrum]
880 3806 996 3864 Videtur
1021 3805 1153 3880 respicere
1177 3803 1362 3861 Comoediam

350 3882 515 3939 laboriosam
531 3897 557 3937 et
573 3879 681 3951 leuem,
702 3883 748 3939 seu
765 3883 915 3938 motoriam
933 3898 960 3936 et
978 3881 1121 3938 statariam.
1154 3881 1253 3936 Prioris
1269 3897 1362 3936 exem·

351 3956 429 4034 plum
445 3957 483 4013 est
498 3957 660 4016 Eunuchus,
681 3956 790 4014 alterius
809 3957 1152 4012 Heautontimorumenos.
1456 4024 1459 4030 Ι

392 4030 435 4100 48.
453 4035 483 4088 St
502 4048 659 4095 NUNQUAM
681 4050 784 4089 Avnnn
804 4049 941 4088 nauriunt
962 4049 1070 4086 srrrur
1093 4046 1167 4084 narr
1188 4035 1292 4097 nunu]
1319 4030 1365 4093 De
1451 4052 1453 4057 ·

354 4105 401 4164 usu
418 4104 566 4185 particulae
581 4124 607 4164 st
618 4110 681 4166 vide
691 4108 724 4174 ad
736 4107 803 4166 And.
815 4110 835 4164 1.
848 4126 870 4176 5.
884 4122 926 4175 <7-
948 4106 999 4161 Per
1016 4122 1153 4163 innituit
1171 4103 1300 4181 mtelligit
1317 4106 1364 4191 55-

1319 4199 1364 4237 τη.
1439 4224 1441 4229 .
