3392 5142
445 543 1163 661 Aenoslbsennalss.
1258 570 1328 667 φ,

282 671 395 756 Turn
409 676 535 789 magis
550 667 595 754 id
605 668 726 755 dicas.
755 665 827 755 Ch.
841 666 1065 781 Quodnam
1082 664 1228 779 quaeso
1238 667 1328 768 her·

420 779 656 980 glgt'sgcrg'a.
697 782 946 869 Eunuchum.
1011 775 1085 870 Ch.
1121 780 1241 870 Illum
1276 812 1328 924 ne
1373 846 1385 869 .-

277 1006 537 1095 Inhonestum
556 1009 791 1109 hominem,
823 1038 948 1125 quem
966 1023 1165 1096 mercatus
1186 1008 1243 1094 est
1256 1007 1326 1093 he·

418 1128 474 1216 ri,
504 1119 665 1221 senem,
696 1125 932 1214 mulierem?
1066 1204 1071 1214 .
1271 1128 1326 1228 65

280 1236 362 1320 Pa.
391 1232 524 1322 llhtnc
541 1234 677 1353 ipsunt.
737 1236 809 1328 Cb.
840 1242 984 1328 Homo
1001 1244 1203 1350 quatietur
1218 1257 1329 1319 certe

424 1352 778 1460 cumdonoforas,
1248 1350 1328 1436 Sed

553 1475 1062 1545 DONATUS.

321 1577 374 1656 64.
398 1574 485 1641 Tim
505 1592 616 1642 Maure
639 1595 678 1642 tn
699 1569 835 1665 mean]
867 1574 987 1644 Durat'
1004 1591 1107 1662 partes
1126 1574 1231 1641 fratris
1253 1570 1330 1658 else(

321 1656 512 1738 Qronttau
544 1673 683 1741 obtuso
704 1661 878 1743 uatem]
918 1659 1148 1727 curiositatem
1176 1655 1327 1726 addidit,

285 1741 460 1813 neptunia·
481 1745 590 1892 Quaffo
607 1760 639 1810 et
657 1747 778 1817 Hercle.
820 1744 865 1811 Et
879 1743 952 1808 vide
967 1756 1066 1830 quam
1084 1740 1228 1807 molliter
1244 1754 1275 1803 et
1288 1731 1328 1804 ll-

280 1842 323 1887 ne
351 1824 519 1892 intelletlu
561 1827 730 1913 prolatoris
758 1830 797 1895 ad
823 1829 1003 1916 argumenti
1031 1824 1161 1911 speilati
1180 1823 1330 1888 ordinem
1367 1882 1372 1892 .

281 1904 386 1973 Poe'ta
423 1913 583 1977 erveniat:
616 1928 651 1978 ut
668 1915 708 1978 de
726 1915 890 1980 Eunucho
914 1909 998 1977 fabia
1013 1911 1179 1975 mentione
1197 1907 1327 1996 eonsili-

282 2005 377 2056 umn
413 2009 501 2057 catur
525 1995 724 2081 supponendi
745 1997 918 2063 Chaereae.
960 1991 1203 2073 Eunucrtutt]
1236 1989 1328 2055 Mire

281 2065 441 2139 Terentius
457 2078 561 2160 primo
580 2078 763 2168 simpliciter
779 2078 942 2147 Eunucho
967 2095 1089 2143 nornen
1105 2074 1231 2163 posuit,
1253 2075 1329 2138 huie
1363 2094 1374 2101 ·

281 2174 414 2241 quoque
432 2160 645 2233 detratlurus.
1314 2189 1316 2194 ·

327 2243 378 2320 65.
408 2241 662 2331 luaorrsruup
687 2246 862 2314 foedum:
895 2256 1083 2319 utcontra,
1108 2241 1190 2323 fricie
1204 2236 1329 2322 honesto

285 2322 338 2387 Ut
356 2325 439 2406 apud
455 2328 637 2411 Virgilium,
759 2330 804 2394 Et
820 2330 908 2394 laetos
925 2327 1015 2392 oculis
1027 2323 1150 2411 afflarat
1163 2320 1294 2386 huores.

326 2407 534 2499 llornnru]
566 2412 761 2496 Opportune
784 2423 951 2476 noururru
972 2409 1082 2491 dixit,
1111 2421 1265 2492 tanquam
1282 2407 1331 2470 in··

285 2505 362 2553 certr
382 2492 484 2558 sexus.
531 2497 665 2567 Seurri,
688 2512 869 2568 Murranum
880 2496 907 2577 ?]
931 2491 1016 2557 Non
1033 2491 1202 2557 communi
1216 2499 1331 2574 genere

284 2573 361 2639 dixit
380 2591 511 2642 ntuetr:
534 2582 649 2664 quippe
670 2584 724 2662 qui
743 2581 814 2647 alibi
831 2579 1037 2661 separaverit,
1060 2573 1216 2654 dicendo,-
1233 2574 1330 2655 senex

285 2676 375 2745 arque
390 2683 487 2725 anus.-
509 2662 563 2726 sed
584 2664 897 2752 subdistinguendum
916 2660 980 2729 est:
1003 2677 1038 2723 ut
1061 2658 1097 2723 fit
1114 2657 1230 2739 duplex
1247 2655 1330 2718 vitn-
1431 2699 1437 2715 ,

283 2743 423 2820 petatio:
457 2764 522 2807 una
539 2750 577 2810 ab
593 2764 712 2819 aetate,
741 2748 829 2833 quod
848 2749 889 2810 ait
913 2760 1042 2809 strena:
1071 2747 1171 2807 altera
1186 2759 1207 2804 a
1223 2757 1328 2804 mem·-

284 2826 419 2889 brorum
434 2828 592 2910 mollitie,
615 2832 704 2918 quod
722 2833 764 2895 ait
784 2844 975 2894 Mutrrnnu.

326 2910 379 2971 66.
406 2909 614 2993 Qua-rutuli
634 2930 745 2978 cem
764 2930 839 2978 eurr
859 2926 957 2976 notro
978 2919 1118 2991 rottae]
1151 2904 1329 2972 Mirecutt

284 3006 405 3058 nouo:
441 3008 595 3082 tanquam
622 2999 668 3064 illi
696 2998 839 3079 repulsae
856 2995 1091 3061 causationum
1115 2992 1265 3057 futurum
1280 2991 1327 3056 fit.

283 3070 378 3139 Turn
396 3076 507 3141 deinde
519 3100 586 3144 non
605 3084 783 3165 rejicimur,
806 3079 859 3143 sed
875 3091 1088 3159 Quartam.
1134 3073 1217 3139 Vide
1226 3092 1329 3159 quant

283 3162 550 3227 contumeliosius
568 3162 688 3230 uiuum
700 3165 754 3247 srt,
778 3176 979 3244 outrrrrua
995 3174 1127 3224 tortas:
1150 3164 1202 3222 vel
1220 3159 1331 3221 verbe·

282 3242 369 3306 ribus
387 3242 522 3323 pelletur
542 3249 650 3330 foras,
674 3268 741 3312 non
759 3244 964 3328 expulsione,
988 3241 1244 3308 seddetrnsrone.
1268 3242 1332 3304 Vel

285 3323 328 3387 fic
347 3326 424 3391 dixit
442 3353 453 3396 2·
483 3344 591 3394 rotas
614 3346 813 3415 anrrnrun
832 3347 842 3394 ι
875 3344 910 3394 ut
927 3326 1031 3406 defit,
1062 3328 1200 3409 versum:
1223 3338 1259 3386 ut
1278 3322 1337 3391 fit»

284 3408 373 3472 foras
388 3411 516 3476 versum
532 3417 765 3483 verberabitur,
788 3429 824 3477 ut
841 3415 1022 3476 verberetur
1040 3425 1072 3473 et
1092 3412 1220 3494 lugetur
1234 3406 1334 3470 forat.

284 3490 379 3557 Nam
397 3510 427 3556 et
446 3504 649 3583 pervulgatae
667 3498 909 3563 consuetudinis
920 3493 1044 3560 dietum
1063 3491 1125 3576 eli,
1144 3488 1213 3557 Feri
1230 3511 1333 3553 canem
1375 3541 1385 3552 ,

275 3578 381 3659 foras,
405 3579 468 3641 hoc
482 3580 545 3651 est,
569 3584 715 3647 feriendo
739 3600 852 3646 canem
871 3580 957 3644 foras
976 3578 1069 3660 ejice.

492 3628 1229 3747 couururnnroa'

283 3791 348 3833 cern
364 3800 428 3838 conr
450 3785 604 3843 arabantur.
631 3781 753 3862 Adelph.
765 3783 839 3840 11.2.
851 3796 878 3850 4.
906 3776 1074 3839 Suetonius,
1092 3768 1237 3846 &lig-35.
1258 3768 1339 3851 {lum

283 3800 462 3926 >spoliatio
480 3861 633 3919 tetrartum
649 3872 751 3937 repento
766 3872 793 3915 et
809 3857 986 3917 iubatorum
1006 3848 1150 3909 arduom
1170 3846 1290 3912 Thracia
1310 3852 1337 3897 θ’

287 3948 351 3988 ntox
369 3935 562 4011 Hoplomacho,
583 3939 765 4017 comparavit.
1029 4002 1035 4012 ,

326 4007 372 4083 65.
394 4018 592 4082 Monrnnnrrl
624 4014 795 4072 Convicrnnr
813 4013 843 4069 in
860 4007 1007 4067 hominem
1024 4016 1161 4081 ignavum
1172 4014 1199 4057 et
1208 3992 1336 4096 mollern.

286 4081 366 4145 Infra
375 4092 421 4150 IV.
434 4103 460 4166 3.
472 4108 517 4153 ao.
556 4088 692 4161 Plautus,
710 4085 900 4148 Bacchium.
918 4081 946 4146 8.
965 4088 993 4141 t.

788 4165 813 4223 C
834 4175 886 4222 ct.
1274 4148 1341 4222 Μ
