3392 5142
292 622 294 626 “
408 609 479 690 624
627 593 1261 667 Hnnunounrnto'ttunrtuos.

401 715 551 787 Ducunt
572 709 697 788 secum.
747 714 830 782 Clin.
857 706 971 777 Perii!
1000 703 1088 797 unde
1105 702 1154 772 illi
1170 701 1250 783 lunt
1266 698 1427 777 ancillae?

545 811 622 878 Clit.
647 806 746 876 Men*
762 803 884 897 rogas?

403 902 459 995 Sy'.
476 903 564 976 Non
580 906 737 997 oportuit
754 899 900 973 relidas:
926 915 1066 993 portant
1082 892 1166 987 quid
1184 866 1318 964 rerum!
1352 895 1430 965 Clin.

609 1002 615 1012 ·
676 997 741 1044 ··r

321 1114 324 1121 ·
370 1156 376 1161 .
403 1098 457 1184 Sy.
470 999 1058 1185 Aurtiineiviiiiii:ervelperalcit,et
1069 1104 1321 1158 nonnoverunt
1331 1086 1428 1156 viam.

401 1191 548 1266 Fadium
564 1215 582 1259 a
598 1189 695 1298 nobis
712 1190 810 1260 stulte
826 1187 885 1257 eli.
922 1187 977 1258 abi
999 1186 1081 1257 dum
1099 1203 1161 1274 tu,
1188 1183 1352 1274 Dromo,
1369 1179 1430 1250 illis

310 1369 312 1373 ¹
401 1285 784 1479 Properaabzfflas?
835 1381 919 1450 Clin.
936 1377 1011 1449 Vae
1029 1376 1150 1449 misero
1167 1374 1280 1467 mihi,
1307 1392 1429 1472 quanta

546 1478 588 1549 de
603 1476 660 1573 spe
676 1475 786 1546 decidi
803 1474 812 1545 ἔ

626 1625 1214 1694 CALPHURNIUS.

403 1756 507 1838 nun]
532 1753 553 1793 *
575 1750 663 1815 Servi
681 1771 746 1814 non
766 1751 907 1814 videntes
929 1753 1143 1816 adolescentes
1170 1763 1306 1832 pergunt
1325 1750 1356 1812 in
1375 1747 1431 1811 ser-

404 1858 504 1901 mone
521 1839 658 1916 incepto.
703 1834 859 1908 Mulieres
877 1857 894 1896 a
911 1853 1023 1898 natura
1038 1834 1142 1898 tardae
1160 1835 1191 1895 in
1210 1831 1429 1896 inceffusunt:

405 1920 530 1983 sedhic
557 1919 678 1980 additur
703 1917 796 1979 causa
819 1918 1000 1999 tarditatis,
1032 1917 1175 1984 scilicet,
1205 1930 1430 1978 unumunurn

406 2018 548 2064 eunoun
575 2012 714 2061 nucuun
737 2016 875 2079 secun,
897 2021 934 2062 ac
959 2001 978 2062 fi
1006 2001 1174 2062 duceretur
1201 2018 1284 2061 unus
1304 2017 1377 2083 grex
1395 2018 1429 2059 o-

405 2088 506 2148 vium.
529 2084 675 2148 Munna
690 2093 836 2163 uiuun]
863 2082 990 2146 Scilicet
1008 2085 1027 2146 fi
1045 2081 1171 2146 relidite
1192 2079 1274 2144 sunt.
1323 2101 1351 2160 5.
1371 2081 1429 2144 Pn-

405 2170 493 2247 nrtl]
518 2165 640 2231 Cliniae
657 2164 811 2246 suspicio,
835 2167 921 2249 quod
945 2169 1047 2229 amica
1068 2166 1219 2245 corrupta
1244 2165 1299 2243 lit,
1326 2168 1363 2227 ab
1379 2183 1431 2226 an·

405 2249 553 2315 tiliarum
571 2269 661 2336 grege
678 2248 787 2312 oritur.
819 2252 871 2311 has
896 2249 981 2311 enim
1001 2253 1038 2311 ab
1063 2251 1130 2312 aliis
1157 2249 1350 2310 amatoribus
1375 2245 1432 2309 elle

286 2374 291 2383 ,
405 2349 503 2415 putat.
546 2329 576 2395 όζ
601 2333 764 2394 Ponrnun
782 2345 870 2412 Quin
885 2347 1001 2395 neuun
1018 2334 1050 2413 i]
1075 2331 1129 2394 Ob
1147 2333 1209 2392 hoc
1238 2350 1305 2393 non
1325 2329 1366 2391 est
1386 2329 1431 2390 se·

407 2436 503 2478 curus
520 2413 638 2496 Syrus,
660 2415 746 2495 quod
765 2417 912 2477 mulieres
931 2414 1056 2478 relidae
1077 2415 1147 2478 srnt.
1197 2422 1226 2491 Ἀ
1258 2411 1308 2476 Er
1322 2427 1431 2475 vosne-

387 2515 558 2575 ,nascrn
580 2516 620 2561 ετ
641 2510 713 2560 uon
735 2509 919 2560 novnnuur
933 2500 1048 2582 vinu]
1074 2496 1178 2561 Causa
1188 2515 1246 2557 cur
1257 2516 1322 2560 non
1334 2514 1431 2574 opor·

407 2586 466 2646 tuit
483 2581 617 2644 relidaS.
640 2582 709 2664 quis
727 2582 933 2649 eminutus,
957 2583 977 2644 fi
996 2583 1070 2665 quid
1091 2594 1212 2661 portat,
1235 2581 1305 2643 etin
1317 2577 1430 2658 nodie,

406 2680 437 2729 et
466 2667 496 2728 in
527 2664 648 2726 incerto
680 2664 811 2725 itinere?
874 2663 904 2738 8,
939 2663 1003 2727 Ani
1027 2665 1138 2746 nun]
1171 2660 1259 2725 DuM
1295 2661 1430 2734 rupim.

447 2765 478 2828 9.
507 2751 580 2811 Vae
596 2760 724 2807 nusnno
740 2748 851 2830 nunu]
876 2745 983 2832 Magis
1003 2746 1171 2828 suspicatur
1189 2745 1299 2810 Clinia
1313 2746 1430 2830 quoda

608 2890 1258 2962 COMMENTARIUS.

445 3010 651 3071 Anetntnnunt
671 3012 828 3079 udedan]
848 3015 892 3068 Ita
912 3010 1039 3081 Plautus,
1060 3012 1161 3070 Cistell.
1181 3015 1228 3070 IV.
1247 3032 1274 3074 2.
1293 3013 1339 3083 67,
1362 3022 1434 3074 Grex

408 3083 569 3218 {rlrlazalium
597 3088 734 3154 subaudi,
763 3088 914 3146 servorum.
950 3086 1014 3145 vide
1058 3092 1203 3148 Donatum
1242 3091 1278 3150 ad
1315 3091 1433 3171 Adelph.

446 3235 473 3291 ὁ.
484 3179 641 3295 i'onrnun
659 3254 734 3300 outo
755 3243 895 3304 nunniti]
914 3237 1074 3316 Emphatice
1091 3238 1158 3294 dicit
1174 3243 1276 3315 Qun!
1301 3243 1345 3297 Ita
1363 3239 1436 3299 infra

407 3312 460 3369 111.
478 3330 509 3426 tt.
527 3330 571 3386 49.
593 3311 720 3381 Plautus,
740 3312 819 3391 Epid.
834 3316 872 3370 11.
890 3329 915 3368 2.
935 3318 979 3373 26.
1001 3316 1177 3388 Captivorum
1195 3315 1264 3393 quid
1280 3317 1383 3373 ducunt
1395 3321 1437 3393 Je-

407 3404 481 3444 cum.

320 3526 325 3533 ,
442 3482 470 3536 7.
492 3467 620 3529 Annuit,
639 3471 787 3532 vaureu]
807 3465 883 3521 Haec
898 3464 987 3523 solent
1006 3469 1094 3544 jungi.
1133 3470 1177 3525 Ita
1195 3464 1268 3525 infra
1279 3469 1333 3526 III.
1349 3483 1374 3528 1.
1386 3485 1435 3546 43.

409 3536 539 3607 Plautus,
559 3541 639 3596 Cure.
660 3541 696 3595 ll.
712 3555 737 3612 3.
756 3544 802 3612 69.

460 3648 462 3653 -
561 3619 596 3668 Ur
613 3613 746 3671 mulierem
761 3615 781 3670 ai
798 3614 886 3670 lenone
902 3635 966 3674 eum
982 3631 1051 3676 auro'
1068 3633 1097 3673 et
1115 3617 1189 3675 veste
1204 3615 1353 3679 abduceret.

378 3706 382 3712 ’
405 3689 450 3748 Est
467 3706 559 3746 autem
574 3689 731 3767 Hendiadys
741 3731 749 3758 ,
770 3709 822 3768 pro
839 3691 958 3748 vestibus
975 3714 1043 3750 auro
1061 3692 1202 3751 distinctis.

414 3792 417 3797 -
444 3786 471 3836 9.
493 3767 631 3839 Quum
650 3783 689 3824 on
709 3785 758 3823 sin
781 3773 920 3833 anemii]
941 3768 974 3825 ld
992 3771 1068 3827 varie
1086 3767 1206 3827 effertur.
1227 3771 1436 3838 ciceroffim.

405 3841 439 3897 V.
451 3859 476 3915 5.
497 3843 541 3894 Ex
558 3858 656 3912 magna
672 3841 711 3915 [pe
720 3841 880 3898 deturbatos.
916 3844 1009 3900 livius
1019 3885 1027 3911 ‚
1048 3845 1195 3902 XXXVII.
1212 3848 1258 3903 26.
1279 3847 1437 3905 Antiochus

403 3917 569 3994 posteaquam
588 3937 603 3972 a
620 3918 665 3996 spe
678 3916 809 3992 societatis
827 3917 934 3991 Prusiae
950 3919 1070 3987 decidit,
1100 3921 1228 3993 Ephesum
1247 3921 1282 3975 ab
1308 3924 1440 3981 sardibus

404 3995 440 4063 est
455 3992 589 4068 profedlus.
631 3996 794 4060 Suetonius,
815 3995 884 4052 Oth.
908 4013 934 4064 5.
966 3997 1018 4052 sed
1039 3995 1176 4076 postquam
1206 3998 1296 4071 Pisano
1321 4003 1440 4076 praelato

374 4106 381 4117 -
404 4071 451 4148 spe
470 4068 594 4136 decidit,
614 4067 653 4122 ad
667 4069 727 4126 -vt‘m
744 4069 880 4142 conversus
898 4069 940 4140 est.
980 4110 982 4117 ·

418 4186 421 4191 -
1322 4169 1362 4213 11.
1385 4153 1434 4210 Vt·
