3392 5142
325 490 399 567 290
652 466 688 539 A
736 486 766 539 n
813 486 858 564 o,
893 488 922 537 ιι
971 486 986 536 ι
1035 485 1075 535 a.
1197 528 1199 533 .

325 587 408 676 Pa.
422 580 475 667 Ni
489 595 664 663 metuam
678 599 853 692 patrem,
884 569 1100 686 habeopto
1115 568 1258 661 illane
1272 570 1382 662 illum

462 691 574 807 quod
587 719 774 777 moneam
785 686 921 806 probe
1338 720 1379 796 15

322 806 384 893 Si.
413 806 687 923 Sycophanta.
743 803 813 889 Cr.
844 798 986 892 Hem!
1023 798 1116 883 ch.
1148 803 1256 900 Sic,
1300 810 1381 893 cri.

461 944 529 1016 to,
563 917 617 1004 est
634 920 700 1004 hic
718 954 727 999 :
760 923 887 1002 mitte.
950 912 1020 998 Cr.
1036 915 1190 997 Videat
1207 925 1289 1028 qui
1303 917 1380 1005 fiet,

321 1038 366 1121 Si
387 1037 487 1122 mihi
510 1039 666 1150 pergit,
699 1059 801 1145 quae
818 1026 937 1127 volt,
969 1028 1136 1113 dicere:
1170 1056 1247 1129 ea,
1283 1060 1380 1145 quae

334 1204 339 1211 -
460 1177 546 1234 non
560 1145 670 1243 volt,
703 1147 847 1232 audiet.

225 1249 229 1262 ’
278 1254 280 1259 ⁴
325 1267 417 1381 Ego
428 1263 544 1348 istaec
559 1262 729 1355 mov'eo,
756 1282 824 1343 aut
839 1252 967 1341 curo?
996 1276 1379 1347 non'mmumma.

460 1375 545 1462 lum
558 1403 687 1485 aequo
703 1383 836 1458 animo
852 1369 991 1455 feres?
1273 1378 1420 1501 Nam}

557 1499 1098 1571 'DONATUu
1417 1508 1421 1565 Ι

262 1638 266 1643 ·
368 1609 421 1681 16.
443 1609 705 1688 sycomora]
727 1609 803 1673 Hoc
815 1606 870 1686 est,
884 1605 972 1691 quod
981 1604 1116 1671 minime
1125 1610 1242 1675 voluit
1252 1610 1309 1677 fibi
1326 1615 1380 1683 dici

251 1708 254 1713 ’
323 1692 431 1759 Crito.
456 1710 533 1755 nam
547 1691 591 1753 ita
604 1695 760 1771 loquutus
773 1688 818 1757 est
835 1689 949 1774 supra,
972 1689 1142 1753 Clamitent
1160 1715 1214 1757 me
1224 1696 1381 1784 sycopba..

323 1795 406 1845 tam,
435 1772 610 1837 hereditates
620 1777 766 1865 persequi.
811 1774 926 1854 Han]
952 1772 1151 1854 Principium
1174 1777 1375 1853 iracundiae.

323 1857 441 1923 audivit
458 1858 544 1921 enim
560 1859 648 1940 quod
668 1860 808 1922 maxime
829 1857 966 1921 vitabat:
1002 1876 1080 1921 uam
1097 1871 1134 1920 ut
1162 1858 1289 1944 supra,
1312 1864 1379 1929 Cla·

323 1944 487 2006 mitentme
494 1937 710 2028 sycophantam.
755 1942 843 2022 Sic,
867 1938 1003 2009 Cano,
1025 1955 1088 2007 asa
1108 1957 1200 2007 nic:
1229 1951 1376 2034 nitro]

324 2024 391 2090 Hic
411 2024 566 2091 Chremes
583 2024 720 2089 traducit
736 2026 832 2091 illum
851 2026 889 2088 ab
903 2024 1083 2093 iracundia,
1106 2024 1260 2101 dicendo
1273 2030 1316 2107 fic
1333 2034 1380 2116 effi

325 2128 413 2177 eum.
456 2109 646 2174 Menander:
669 2109 737 2171 ἔτας
756 2109 831 2172 αὐτός
848 2107 906 2167 ieta.
952 2103 994 2171 Et
1016 2105 1123 2173 redde:
1148 2110 1232 2191 quia
1252 2131 1379 2185 natum

325 2190 519 2278 ignoscitur,
542 2192 703 2254 voluntati
721 2211 787 2257 non
807 2196 895 2257 item.
1428 2248 1432 2271 ‚

371 2292 420 2357 ¹7·
445 2277 481 2338 Sl
502 2288 589 2337 nnn
604 2289 749 2347 annon,
780 2291 876 2357 quan
895 2291 989 2341 vona
1012 2275 1176 2360 nicene]
1204 2277 1375 2352 Graviter,
1430 2290 1432 2305 ·

324 2371 359 2426 et
376 2373 510 2425 mature.
1117 2377 1120 2383 ·
1429 2418 1432 2425 .

371 2440 422 2507 18.
446 2440 526 2506 Eoo
550 2455 879 2511 isnnaaonovm2
917 2457 994 2507 aun
1021 2439 1171 2523 cuno?]
1207 2446 1270 2513 Est
1300 2451 1379 2515 enim

325 2525 539 2608 sycophantae
564 2526 743 2605 perturbare
770 2544 839 2591 rem
862 2527 1011 2605 bonam,
1048 2540 1079 2590 et
1105 2544 1228 2595 curare
1247 2539 1383 2599 malam:
1431 2562 1433 2575 ι

326 2611 404 2675 Hoc
422 2610 514 2695 igitur
531 2607 606 2671 dicit
629 2623 707 2671 cum
730 2605 874 2685 incolui.
915 2604 987 2690 Ego
1006 2611 1083 2673 haec
1101 2611 1228 2683 turbo,
1254 2630 1313 2682 aut
1331 2636 1381 2681 co-

325 2694 424 2779 gito,
453 2690 735 2777 quemadmodum,
753 2702 788 2753 tu
815 2689 893 2754 dicis
926 2691 1046 2755 Simo?
1089 2687 1183 2757 Non
1206 2713 1261 2767 τυ
1284 2715 1381 2769 wun

518 2822 1237 2925 COMMENTARIUS.'
1317 2800 1379 2849 Μ’

364 3022 410 3080 15.
430 3005 494 3063 Pao
510 3022 582 3064 iuna
601 3008 666 3071 mu]
694 3005 731 3063 H.
742 3024 767 3063 e.
788 2999 868 3080 quod
878 3005 1031 3065 convenire
1039 3003 1106 3063 huic
1115 3006 1159 3065 rei
1168 3028 1296 3088 quaeat.
1318 3013 1376 3073 Vir·

324 3083 425 3164 gilius,
437 3084 506 3140 Aen.
518 3081 567 3138 IV.
580 3097 643 3157 337.
665 3079 720 3138 Pro
731 3099 761 3138 re
776 3085 861 3156 pauca
876 3077 980 3159 loquar.
1163 3081 1165 3085 ’

367 3161 412 3218 16.
435 3160 663 3223 sicennam]
698 3155 770 3214 Vide
786 3157 867 3236 supra
883 3156 929 3216 lV.
949 3174 975 3231 5.
996 3173 1042 3214 ao.
1264 3214 1270 3224 ,

365 3240 432 3302 S1c,
461 3234 581 3300 cmo,
608 3251 661 3290 usn
677 3237 758 3299 mc]
786 3233 823 3290 H.
843 3252 867 3290 e.
890 3253 923 3290 ea
942 3229 1038 3289 indole
1055 3246 1084 3289 et
1101 3233 1292 3301 conditione,
1315 3242 1380 3300 Eua.

325 3315 378 3371 ΙΙΙ,
399 3331 423 3371 1.
436 3316 480 3371 18.
508 3306 613 3367 Heaut.
623 3308 676 3363 111.
697 3325 722 3364 1.
734 3324 779 3380 27.
809 3309 921 3366 Phonn.
932 3310 984 3366 ΙΙΙ.
1003 3321 1029 3364 2.
1039 3322 1085 3377 42.
1115 3308 1254 3377 Plautus,
1279 3319 1379 3398 Amph.

324 3392 457 3463 11,1,57,
477 3380 513 3438 fic
530 3384 605 3452 sum,
626 3395 658 3438 at
674 3381 757 3442 vides.
786 3383 848 3441 Vid.
857 3380 988 3442 Scheffer.
999 3401 1027 3441 et
1036 3385 1129 3441 Burin.
1150 3384 1188 3444 ad
1197 3391 1325 3453 Petron.
1341 3400 1381 3466 38.

367 3482 412 3539 17.
432 3466 703 3527 81n1n11²naoir‚
730 3477 812 3529 onan
828 3477 929 3518 vona.
955 3475 1088 3528 menan,
1106 3478 1168 3531 u,
1197 3483 1295 3535 Qu
1314 3485 1379 3530 non

325 3556 426 3610 vom,
451 3541 593 3602 numan]
619 3531 753 3604 Plautus,
771 3534 844 3593 Afin.
863 3537 900 3593 11.
920 3551 946 3605 4.
969 3541 1013 3596 82.
1259 3544 1261 3549 '

484 3617 524 3667 Tu
540 3608 725 3671 contumeliam
741 3609 821 3668 alteri
830 3610 938 3684 facias,
967 3610 1018 3668 tibi
1036 3627 1088 3666 non
1106 3608 1247 3677 dicatur?

325 3689 422 3747 Pseud.
438 3692 486 3749 IV.
509 3703 534 3760 7.
556 3704 599 3763 ῃ.
624 3687 823 3747 Contumeliam
836 3686 863 3762 fi
878 3689 970 3756 dices,
999 3686 1098 3745 audies.
1138 3694 1293 3755 Caecilius
1312 3680 1385 3777 apud

325 3763 400 3823 Geli.
420 3768 484 3824 VII.
509 3782 551 3839 17.
576 3765 697 3823 Audcba's
711 3767 798 3827 male,
814 3764 837 3835 sa
855 3768 927 3823 maie
945 3763 1017 3822 dixis
1033 3764 1110 3823 mibi.
1147 3767 1325 3842 Sallustius,
1343 3774 1385 3829 in.

325 3839 437 3898 vestiva
452 3841 482 3898 in
499 3844 684 3907 Ciceronemz
705 3840 863 3976 lieslondcbo
879 3843 929 3901 tibi
938 3885 947 3912 ,
968 3839 1056 3915 ut,ss
1072 3858 1158 3922 quam
1177 3844 1256 3905 maie
1275 3845 1385 3909 dicendo

325 3913 491 3991 voluptatem
506 3919 603 3996 cepisti,
624 3938 683 3978 eam
698 3937 768 3978 mae
789 3914 919 3978 audiendo
936 3921 1059 3978 amittas.

365 4001 410 4059 18.
430 3996 493 4053 Eoo
512 4015 619 4057 nonnae
640 4016 764 4071 novno,
785 4017 847 4059 aur
870 4003 974 4068 ennoi]
1005 3993 1108 4067 Omnis
1126 3997 1275 4077 emlihafis
1301 4000 1342 4059 est
1356 4000 1385 4056 in

1313 4096 1380 4159 pro·
