3392 5142
387 707 391 713 .
488 630 1359 744 Acrus111.scraa111.445

324 734 504 843 Amabo,
535 742 687 828 utilluc
703 741 894 839 transeas,
925 744 992 827 ubi
1009 744 1075 828 illa
1093 746 1158 833 est.
1194 750 1265 833 Ch'.
1280 761 1354 839 Eo.

325 862 404 969 Py.
417 859 517 953 Abi,
550 864 712 951 Dorias,
731 865 814 939 cito
829 858 936 941 huuc
952 859 1102 943 deduce
1117 862 1164 945 ad
1173 866 1353 955 militem.

588 998 1097 1069 DONATUS.

325 1131 385 1197 xit:
416 1132 690 1219 quemadmodum
712 1133 879 1214 dicimus,
916 1135 1128 1199 Domamilir.
1172 1138 1215 1202 Et
1231 1160 1357 1225 apparet

322 1214 419 1280 illum
439 1236 536 1281 manu
554 1215 675 1281 ttclum
692 1218 771 1296 elle,
793 1218 849 1300 qui
867 1217 908 1281 iic
926 1216 1086 1284 irascitur,
1115 1217 1189 1297 quia
1204 1222 1317 1289 dixit?
1341 1266 1357 1281 .

323 1298 422 1380 thiar,
455 1297 552 1367 Cur,
574 1316 616 1361 m
633 1298 831 1363 Currum?
862 1301 947 1381 quasi
966 1302 1073 1370 dicat,
1110 1302 1179 1365 Cur
1197 1324 1287 1371 meus
1314 1244 1357 1374 dc

323 1381 505 1467 indignatus
522 1382 565 1447 est
579 1382 792 1448 adolescens?
820 1401 896 1447 uam
914 1386 951 1448 ab
968 1384 1107 1467 eoquod
1121 1384 1163 1447 est
1180 1408 1281 1471 meus,
1300 1410 1360 1455 vo·

325 1466 449 1529 catiuus
465 1468 507 1528 mr'
522 1466 608 1530 facit.

337 1611 341 1617 ,
372 1566 423 1633 31.
455 1551 614 1628 Amano,
643 1564 689 1609 ur
721 1562 819 1610 naue
848 1563 1052 1620 retusum,
1078 1566 1136 1613 um
1164 1568 1245 1616 ura
1267 1556 1356 1641 usn]

327 1630 414 1717 Vide
427 1651 495 1697 non
510 1631 571 1695 eise
588 1629 746 1701 otiosum,
779 1632 868 1711 quod
885 1635 995 1697 omnia
1010 1649 1170 1716 praetenta
1185 1634 1257 1699 sunt
1275 1642 1359 1719 poti·

328 1734 398 1795 us,
428 1734 525 1797 quam
550 1734 598 1777 res
621 1717 804 1794 importuna
823 1716 940 1793 fieret,
970 1732 1005 1781 ut
1029 1718 1067 1782 ad
1086 1717 1200 1782 Militis
1220 1719 1358 1787 domum

326 1795 484 1861 Chremes
503 1797 721 1861 deduceretur.
763 1794 883 1883 Neque
897 1801 983 1864 enim
999 1802 1060 1863 hoc
1070 1803 1279 1867 conveniebat
1292 1824 1362 1886 per·

326 1879 427 1945 sonae
453 1879 638 1946 BacchiaIi:
678 1880 833 1961 quoniam
860 1897 913 1945 aut
941 1884 1135 1963 inficetum,
1178 1900 1208 1949 et
1237 1904 1358 1967 praeter

327 1963 453 2043 usum,
485 1977 539 2025 aut
562 1964 811 2043 importunum:
843 1965 914 2028 ideo
932 1969 995 2031 hoc
1012 1967 1115 2049 ipsum
1132 1965 1252 2033 Doriae
1270 1991 1359 2051 prae·

327 2049 426 2126 cepit.
451 2045 532 2110 'UT
552 2062 649 2108 ruuuc
669 2061 840 2111 muscas
860 2064 913 2112 uer
944 2066 1019 2112 rum
1041 2062 1131 2130 esu]
1161 2052 1213 2117 Ut
1231 2055 1360 2121 brevem

325 2130 415 2192 iriam
432 2127 679 2209 demonstraret,
707 2150 774 2195 nou
793 2153 861 2198 eas,
883 2132 936 2195 sed
952 2137 1099 2214 transeas,
1122 2134 1209 2198 dixit.
1254 2136 1355 2201 Arm-

327 2213 405 2296 u'o.]
435 2209 618 2294 interjetiio
636 2213 678 2278 est
695 2210 847 2278 amantia:
880 2216 921 2279 iic
939 2221 1071 2279 verbum
1087 2214 1189 2282 sonat.

331 2418 764 2539 ACTUS
852 2423 1359 2539 TERTII

435 2646 772 2746 serua
841 2606 1355 2781 durari..

668 2888 1033 2969 Aur1ruo

458 3076 538 3159 Em
568 3072 724 3183 aliquot
751 3068 1030 3157 adolescentuli
1052 3076 1206 3156 coimus
1228 3079 1269 3156 in
1298 3075 1361 3268 Pli-

592 3212 709 3270 raeco
730 3248 740 3279 ‚
1335 3215 1362 3271 u

590 3326 1096 3396 DONATUS.

416 3432 484 3498 Eur
505 3443 662 3515 error
677 3445 959 3495 ruoruscrmtur
974 3444 1105 3497 comus
1125 3440 1163 3495 m
1176 3430 1363 3514 Pramo]

434 3516 472 3578 In
489 3514 540 3579 hoc
550 3515 700 3604 proloquia
716 3513 869 3590 insinuatio
901 3515 1013 3597 ersanae
1030 3518 1090 3599 ejas
1105 3518 1163 3599 est,
1190 3516 1239 3581 cui
1256 3517 1363 3579 παπαῖ

330 3612 417 3663 taras
434 3598 474 3679 est
489 3596 640 3667 Chaerea,
664 3620 738 3686 qaae
754 3600 815 3681 ase
851 3622 865 3657 a
904 3598 1026 3663 Scenam
1035 3598 1211 3683 faciasne.
1252 3592 1365 3668 litua

330 3694 391 3742 tem
410 3680 461 3743 boc
469 3681 572 3777 populi
586 3684 692 3765 causa,
715 3694 748 3743 art
756 3683 809 3768 spe
838 3682 1031 3747 ataraurilraa
1047 3680 1193 3770 accipias,
1212 3666 1369 3769 quisti}

322 3762 420 3846 jicere
432 3762 521 3829 oculas
537 3764 633 3851 Polla
650 3786 707 3829 aaa
715 3765 828 3855 potuit.
1313 3788 1318 3797 ·

519 3862 1174 3935 COMMENTARIUS.
1251 3873 1367 3920 *tv-⁴¹·-

371 3984 397 4028 r.
408 3969 492 4030 Hm
519 3988 658 4043 aaroaoa
676 3970 935 4037 mormannum
952 3968 1065 4045 coriam
1084 3965 1127 4043 m
1139 3970 1296 4029 mar*
1316 3969 1363 4015 ‘'2.

332 4042 437 4103 dentur
451 4042 493 4104 illi
509 4064 647 4119 rurwor
666 4042 921 4111 roouacrrrm'ru
947 4043 1074 4112 amaea
1087 4042 1199 4134 publice
1214 4040 1242 4101 ft·

332 4138 402 4181 eum
418 4120 561 4195 chaerea,
581 4141 665 4205 arque
677 4122 773 4201 cailla.
793 4123 887 4193 idest,
909 4119 1138 4193 convaluerat
1151 4119 1223 4201 pali:
