3392 5142
475 602 701 699 Acuus
750 600 834 694 III.
882 603 1199 709 Scunnll.
1277 626 1349 717 665

332 793 790 920 ACTUS
876 806 1351 929 TERTII

444 1030 1296 1135 scuunsucunun-

601 1224 773 1299 Surun
824 1226 1078 1325 Cununun

330 1383 384 1473 Sy.
512 1381 911 1459 Acillaccircumcursa:
936 1385 1354 1475 inveniendum’sttamen

529 1482 745 1577 Argentum:
770 1481 1019 1577 intendendain
1030 1481 1139 1557 senem
1149 1482 1198 1555 est
1206 1482 1347 1555 fallacia.

329 1573 390 1645 ch.
417 1578 521 1649 Num
539 1599 596 1648 me
612 1574 754 1669 fefellit,
778 1574 879 1653 hosce
896 1577 931 1648 id
947 1574 1097 1650 struere?
1120 1579 1283 1653 videlicet

327 1670 393 1744 Ille
409 1672 545 1745 Cliniae
558 1670 670 1743 servus
686 1670 908 1744 tardiusculus
923 1669 973 1743 est
989 1699 997 1744 :

558 1785 1124 1867 CALPHURNIUS.

329 1887 359 1934 ι.
454 1871 510 1938 Ac
527 1870 625 1937 niue
640 1882 929 1953 unumunurn]
952 1871 1110 1953 Jucundus
1125 1899 1226 1947 error,
1248 1877 1281 1947 in
1296 1898 1353 1974 qu

471 1954 559 2020 herus
573 1957 686 2038 astruo
701 1956 844 2041 decipitur
859 1996 869 2021 ‚
908 1978 974 2019 uem
991 1958 1083 2022 credit
1098 1958 1185 2022 alteri
1196 1957 1351 2040 fallacem

326 2036 494 2120 intendere,
516 2041 586 2104 dum
597 2036 657 2116 fin·
672 2040 822 2102 tenditur:
844 1977 924 2116 eric
939 2061 1005 2102 eum
1023 2042 1192 2138 aggreditur
1216 2041 1250 2103 de
1258 2042 1368 2120 falle.

326 2121 374 2193 eie
388 2124 420 2185 r'u
434 2124 570 2187 alterum.
613 2118 635 2163 ⁴*
658 2121 739 2186 Huc
762 2123 900 2207 runnu]
926 2121 1000 2184 Hoc
1018 2122 1092 2185 dicit
1113 2122 1220 2185 servus
1238 2125 1350 2185 admo·

327 2203 456 2269 neusse
474 2204 584 2287 ipsum.
630 2222 661 2267 2.
687 2204 943 2284 luruunruuNJ
971 2202 1352 2268 Verbumavenatoribus
1409 2268 1411 2273 .

330 2284 536 2359 transsatum,
558 2288 611 2372 qui
629 2287 706 2351 retia
723 2286 878 2350 intendunt
894 2287 931 2349 ad
952 2284 1032 2349 serus
1050 2286 1225 2366 capiendas.
1268 2287 1354 2369 Quia

331 2387 409 2457 ergo
427 2385 512 2454 parat
531 2370 639 2435 senem
654 2370 786 2439 fallere,
807 2382 1028 2430 rurenuuuur
1057 2370 1143 2432 dixit.
1188 2369 1287 2441 Vela·
1306 2370 1353 2434 sa·

326 2453 409 2537 gittis
439 2470 535 2536 atque
559 2472 644 2516 utcu.
690 2453 729 2517 IN
758 2452 907 2536 suum]
933 2448 1022 2514 Cum
1045 2450 1207 2515 stomacho
1227 2451 1351 2531 seruili,

325 2552 435 2599 sunum
451 2537 538 2603 dixit.
584 2536 621 2600 In
634 2533 775 2604 Andria,
799 2536 950 2621 Quantum
958 2532 1092 2596 intellexi
1100 2537 1178 2597 modo
1190 2536 1271 2618 senis
1281 2538 1352 2617 sen·

326 2622 461 2683 tentiam.
527 2639 556 2704 3.
580 2617 668 2682 Nun
691 2635 741 2681 rur
761 2628 952 2697 iuuenum]
976 2616 1065 2697 Idem
1088 2616 1254 2697 superius:
1284 2616 1353 2695 Erst

319 2702 448 2784 subsenfi
460 2705 495 2766 t'd
506 2725 634 2792 quoque,
654 2700 715 2763 illos
730 2702 771 2763 ibi
786 2699 849 2783 effe.
892 2697 933 2762 Et
949 2700 997 2762 hic
1015 2699 1057 2761 est
1072 2719 1178 2781 error,
1201 2700 1284 2763 credi
1307 2701 1355 2765 se·

509 2800 1157 2868 COMMENTARIUS.

370 2914 397 2954 1.
416 2888 644 2951 unumunurn
662 2905 717 2946 rur
733 2891 929 2954 nemun]
956 2888 999 2943 lta
1006 2882 1136 2959 Plautus,
1157 2889 1228 2948 Asin.
1237 2892 1274 2948 11.
1287 2910 1349 2965 r.4.

484 2961 660 3023 Inveniundo
670 2977 785 3038 argento
794 2975 825 3017 ut
834 2959 1097 3043 fingeressullfciarn.

368 3064 395 3103 2.
414 3043 647 3106 lmuuuuuu]
666 3034 790 3115 Explicat
803 3037 996 3118 calphurnius.
1027 3037 1220 3096 Phorm.11.2.
1234 3042 1277 3097 16.
1298 3042 1350 3097 Pa-

328 3121 441 3178 cuvius:
465 3115 513 3172 set
528 3131 589 3170 curn
604 3110 737 3172 contendi
745 3109 884 3190 nequitum
892 3153 902 3182 ,
922 3126 981 3168 turn
990 3109 1059 3169 clam
1069 3112 1206 3171 tendenda
1215 3115 1253 3173 est
1260 3114 1349 3192 plaga.

329 3194 383 3254 Sed
392 3211 420 3252 et
428 3192 570 3250 machinae
586 3186 701 3246 bellicae
717 3185 819 3244 intendi
833 3187 997 3247 dicunturin
1008 3206 1082 3245 arces
1092 3204 1119 3244 er
1128 3187 1232 3267 oppidu
1242 3210 1351 3268 oppug-

329 3270 429 3329 nanda„
468 3265 599 3331 Plautus,
617 3260 744 3322 Bacchid.
755 3264 805 3321 IV.
813 3279 839 3335 4.
859 3270 904 3337 58.
925 3270 966 3320 Dr
973 3262 1090 3317 ducentis
1106 3265 1223 3322 nummis
1235 3265 1352 3340 primunt

328 3342 507 3404 intendebam
524 3339 646 3415 balistam
662 3338 691 3393 in
701 3338 799 3410 sunem.
838 3337 922 3398 Unde
932 3341 1110 3414 eteutugnari
1126 3341 1188 3419 quis
1197 3339 1313 3402 dicitur,
1335 3346 1350 3401 l

325 3442 388 3500 quo
409 3421 458 3479 vix
471 3418 584 3477 tandem
601 3412 669 3494 quid
686 3412 836 3474 obtinetur.

369 3514 395 3568 3.
415 3495 489 3554 Nun
506 3513 552 3553 riu
567 3496 748 3558 rumim]
777 3490 854 3548 Haec
871 3488 1004 3547 Chremes
1014 3490 1122 3556 secum3
1163 3488 1274 3547 uiidem
1291 3494 1352 3549 Me·

328 3569 449 3629 nedemo
466 3568 538 3627 dixit
545 3574 645 3647 supra,
669 3564 808 3625 111.r.62.
825 3564 901 3650 seqq.
939 3562 1068 3631 Plautus}
1087 3568 1155 3621 Bacc
1176 3562 1211 3619 id.
1223 3566 1259 3621 ΙΙ.
1272 3585 1295 3637 3.
1306 3564 1351 3635 64.

328 3655 392 3703 Non
400 3643 552 3716 mustfellit.
566 3642 644 3721 [ρπβ.
683 3644 802 3710 Cicero,
822 3639 940 3717 Philipp.
951 3642 985 3696 11.
997 3645 1041 3712 36.
1064 3648 1137 3696 Num
1147 3658 1188 3694 me
1196 3639 1275 3711 igitur
1279 3638 1355 3721 fefel-

328 3722 382 3783 titt
419 3719 570 3799 Virgilius,
592 3725 661 3779 Aen.
672 3719 720 3775 lv.
729 3720 775 3794 96.
796 3723 851 3771 Nec
859 3732 899 3771 me
907 3716 970 3783 adeo
973 3714 1060 3785 fallit.
1120 3718 1122 3723 ’

368 3802 533 3927 simu]
552 3798 589 3855 Η.
607 3816 632 3855 e.
652 3792 760 3853 Moliri.
781 3792 941 3851 machinari
982 3788 1131 3867 Virgilius,
1151 3796 1173 3851 A
1236 3788 1279 3848 lv.
1292 3804 1356 3864 235.

364 3873 391 3930 ui
449 3870 525 3929 ruit!

330 3879 395 4022 Qu„
418 3869 675 4013 innurem]
703 3943 764 4017 Qui
787 3958 887 4021 purum
906 3938 1032 3998 celeriter
1070 3940 1117 3999 uid
1259 3936 1360 4014 :inge-

330 4023 400 4093 nio,
422 4018 496 4079 raeti
513 4036 542 4081 et
559 4016 714 4097 tardiusculi
729 4033 876 4079 vocantur.
913 4014 1030 4086 Cicero,
1095 4020 1117 4073 Α
1264 4032 1290 4069 2.
1311 4010 1363 4094 sed

331 4116 414 4183 quum
422 4094 540 4171 velluntur
548 4094 696 4157 tumturdo
704 4092 819 4169 inuenio
825 4090 1018 4241 ¹[tttssnntrn'ti
1286 4163 1346 4219 PRO
