3392 5142
371 650 442 726 420
685 618 767 692 Eu
793 634 821 690 n
844 637 869 692 u
893 640 917 690 c
940 628 971 690 n
995 641 1019 690 ιι
1044 640 1072 690 s.

373 729 674 844 Miserttm'que‚
712 755 753 816 et
771 733 884 821 illum
896 730 1137 846 sacrilegum.
1196 725 1272 815 Th.
1304 719 1426 846 Quid

515 845 635 942 illud,
668 848 866 943 Gnatho,
1109 896 1111 901 ·

301 952 315 966 ⁸
377 968 477 1076 Quo
490 963 610 1075 padio
625 959 1042 1073 Rhodiumtetigerim
1055 965 1100 1041 in
1114 964 1331 1053 convivio,
1370 975 1428 1058 30'

375 1074 575 1184 Nunquid
591 1071 664 1155 tibi
680 1074 787 1158 dixi?
840 1074 920 1157 Gn.
937 1075 1151 1182 Nunquam
1162 1106 1176 1177 :¹
1201 1067 1424 1167 seffnarra,

471 1262 481 1275 ,
518 1184 695 1271 obsecro.
1290 1240 1293 1245 <

314 1296 321 1307 ’
380 1300 474 1386 Plus
489 1299 633 1384 millies
650 1300 793 1385 audivi.
850 1297 1030 1384 Th.an
1046 1306 1087 1381 in
1106 1304 1300 1384 convivio

319 1510 323 1517 ,
382 1422 478 1500 Erat
488 1415 573 1508 hic,
588 1511 590 1515 ¹
607 1443 728 1525 quem
747 1415 863 1510 dico,
896 1413 1081 1496 Rhodius
1095 1409 1428 1497 adolescentulus.

381 1534 500 1612 Forte
518 1527 637 1609 habui
653 1527 848 1611 scortum:
881 1534 1014 1639 coepit
1023 1526 1071 1609 ad
1085 1525 1126 1609 id
1139 1524 1346 1619 adludere,

383 1647 436 1726 Et
458 1668 522 1725 me
543 1641 714 1724 irridere.
779 1640 894 1753 Quid
914 1646 1025 1753 agis,
1065 1646 1255 1750 inquam,
1298 1639 1427 1722 homo

407 1845 412 1858 ,
522 1754 751 1867 impudens?
1375 1780 1427 1854 35

1351 1870 1427 1948 Le-

525 1977 1155 2046 ·DONATUs.

430 2104 480 2169 30.
498 2088 728 2170 Tuncrum]
760 2089 936 2171 Luserim,
952 2089 1159 2236 fatigaverint
1201 2082 1425 2172 NamTange·

381 2195 438 2251 re,
467 2191 543 2237 curn
561 2179 684 2256 multa,
707 2189 778 2238 tum
795 2177 892 2238 etiam
915 2177 976 2237 hoc
1018 2175 1159 2259 gnificat.

426 2271 482 2399 ἐι.
509 2258 719 2341 Nunounnt
745 2274 809 2321 seu
831 2272 974 2339 urunt,
1008 2257 1194 2339 ouercam]
1227 2252 1357 2319 Callide
1377 2273 1430 2335 pa-

388 2356 423 2401 ra
435 2354 499 2401 nus
513 2338 664 2426 intelligit*
675 2342 714 2404 ad
725 2343 787 2404 hoc
797 2340 829 2405 se
837 2343 1089 2426 interrogatum,
1111 2354 1146 2402 ut
1156 2337 1264 2401 audire
1274 2337 1423 2418 postulet.

432 2421 752 2503 3a.Ptusn1uttus
776 2435 1010 2504 mittuntur]
1036 2419 1191 2498 Υπιςβολῆ.
1230 2421 1307 2493 ,Aur
1324 2419 1430 2502 super·

386 2502 531 2568 futura*
554 2520 589 2570 ut
607 2523 775 2591 aequatur:
797 2522 853 2571 aut
869 2507 1028 2588 subjacet,
1057 2519 1092 2569 ut
1113 2519 1240 2568 tantum
1251 2522 1321 2567 non
1339 2503 1428 2567 milli-

386 2609 417 2649 es
435 2587 586 2653 convenit
607 2590 739 2654 stultum
755 2591 894 2654 eundem
907 2605 939 2653 et
955 2591 1181 2654 immemorem
1197 2585 1284 2657 effe,
1316 2605 1380 2672 qua
1397 2602 1427 2650 et

390 2668 600 2757 intelligentia
619 2673 672 2736 est.

436 2771 488 2838 34.
512 2757 539 2820 F
542 2771 632 2820 oure
650 2768 752 2818 ntuur
777 2720 975 2841 scottum}
997 2755 1078 2819 Vide
1088 2750 1367 2839 quemadmodum
1377 2753 1434 2816 mi·

390 2838 457 2917 les,
481 2839 561 2903 dum
575 2845 678 2904 multa
693 2840 731 2902 ad
750 2837 872 2903 dicium
888 2837 983 2902 suum
1000 2839 1162 2920 pervenire
1177 2836 1333 2906 fateatur,
1358 2836 1437 2900 intc¹

390 2915 452 2982 rim
476 2941 574 3008 quam
598 2938 802 3004 contemptus
826 2922 861 2986 fit
888 2937 983 3002 atque
1012 2921 1141 2986 derisus.
1197 2920 1375 2984 Abdomen
1403 2921 1434 2982 in

391 3019 529 3084 corpore
553 3006 794 3076 foeminarum,
826 3003 944 3088 patiens
969 3003 1102 3086 injuriae
1126 3004 1261 3084 coitus,
1277 3007 1433 3085 scortum,

324 3165 327 3171 ι
391 3082 534 3152 dicitur-2
565 3089 637 3152 ideo
661 3091 735 3171 quia
750 3093 849 3174 scorta
864 3089 937 3153 sunt
953 3089 1031 3152 dura
1059 3089 1155 3152 coria.
1201 3086 1234 3150 A
1253 3100 1438 3171 parteergo

392 3167 442 3234 sui
469 3174 648 3236 meretrices
667 3178 767 3257 scorta
784 3172 952 3237 dicuntur:
985 3177 1035 3236 vel
1059 3170 1169 3229 cinari
1186 3168 1316 3243 σκαίρειν,
1348 3167 1442 3250 quod·

394 3251 521 3317 Graece
531 3257 677 3343 palpitare
688 3255 875 3339 intelligitur
891 3270 910 3321 τ’
932 3256 1019 3340 qood
1047 3257 1120 3319 illae
1140 3252 1263 3317 faciunt
1291 3250 1438 3317 saltando

394 3335 529 3402 affidue:
554 3344 603 3402 vel
623 3340 729 3420 potius
749 3337 925 3421 criffando,
948 3353 983 3401 ut
1002 3339 1162 3403 Lucretius
1180 3334 1243 3402 ait,
1267 3335 1321 3399 lib.
1343 3337 1441 3428 4'.⁰b

394 3438 466 3483 eam
486 3420 632 3501 causam,
656 3436 691 3499 ut
709 3423 954 3487 concinniorem
974 3423 1133 3485 Venerem
1151 3419 1317 3491 exhibeant
1338 3421 1438 3483 virts:

279 3540 287 3560 t
395 3519 451 3565 aut
469 3503 520 3566 fibi
539 3505 670 3588 abigant·
683 3521 878 3586 conceptum
897 3554 907 3587 ,
938 3505 1025 3585 quod
1044 3507 1076 3568 in
1093 3508 1226 3567 vulvam
1253 3501 1441 3585 foeminae,

395 3586 428 3651 in
447 3587 514 3668 ipso
531 3589 619 3651 coitu
638 3588 755 3653 nouse
773 3590 950 3681 moventis,
973 3587 1093 3656 incidit.

551 3702 1247 3771 'COMMENTARIUS.

440 3843 483 3900 30.
507 3827 685 3889 tuomum]
715 3820 845 3892 Plautus,
867 3823 946 3901 Epid.
960 3825 996 3880 ΙΙ.
1009 3839 1035 3883 2.
1050 3844 1113 3900 115.

553 3898 792 3985 Auro-opulentus,
809 3917 921 3975 magnus
929 3897 1022 3972 miles,
1041 3899 1191 3969 Rhodius,
1211 3909 1304 3974 raptor
1314 3895 1446 3971 hostium,

436 4067 480 4124 32.
500 3976 746 4121 Ptuilonltoginsj
780 4051 895 4109 Phorm·
907 4053 958 4109 111.
971 4072 996 4111 2.
1008 4075 1033 4113 2.

437 4145 481 4201 34
504 4132 550 4217 no
571 4148 605 4190 to
625 4133 812 4203 Autumnus]
840 4125 970 4194 Plautus,
991 4132 1077 4192 Stich.
1088 4130 1125 4189 11.
1145 4126 1188 4203 58.
1207 4126 1327 4205 Quaado
1335 4122 1446 4185 adbibe-

895 4242 897 4247 ·
923 4255 925 4260 .
1392 4221 1448 4271 ro,
