3392 5142
507 628 733 701 Actus
782 622 813 696 Ι.
865 624 1090 699 Sanun
1137 624 1168 699 Ι.
1271 634 1342 724 605

326 744 388 815 Ch.
413 744 559 839 ingenio
572 760 608 813 te
624 739 688 812 effe
708 741 743 811 in
759 739 881 813 liberos
898 742 963 813 leni
980 762 1088 839 puto,

324 840 478 911 Erillum
488 838 752 933 obsequentem,
769 834 878 933 siquis
892 836 1238 914 redteautcommode
1273 864 1339 916 100

323 934 514 1007 Traetaret.
565 932 700 1001 Verum
720 955 830 1027 neque
845 952 886 1003 tu
901 934 998 1004 illum
1014 932 1088 1006 latis
1102 960 1261 1029 noveras,

328 1031 461 1101 Necte
478 1030 544 1099 ille.
571 1026 707 1122 hocque
721 1022 784 1116 fit,
809 1027 869 1099 ubi
884 1052 953 1098 non
970 1052 1047 1099 vere
1062 1032 1201 1103 vivitur.

327 1126 389 1196 Tu
406 1126 525 1213 illurn,
558 1144 743 1217 numquam
760 1122 954 1212 ostendisti,
980 1128 1096 1220 quanti
1114 1123 1292 1221 penderet,

330 1220 414 1291 Nec
429 1219 493 1290 tibi
510 1219 566 1289 ille
583 1216 624 1287 ’st
640 1216 774 1286 credere
790 1216 904 1310 ausus,
928 1242 1013 1310 quae
1027 1220 1077 1291 est
1092 1243 1235 1316 aequom
1244 1223 1342 1316 patri.

547 1340 1128 1411 CALPHURNIUS.

325 1442 410 1525 quafi
431 1462 517 1505 nunc
534 1458 653 1523 partem
671 1442 793 1525 capiens
810 1446 971 1507 bonorum
992 1464 1161 1516 meorum,
1182 1444 1343 1510 ueletiam

328 1541 538 1601 murreum,
577 1528 628 1589 cui
660 1527 787 1590 debeam
816 1528 941 1590 credere
971 1527 1078 1592 omnia
1106 1527 1234 1593 consilia
1262 1546 1342 1590 mea.

372 1626 422 1684 99.
451 1608 604 1672 lnnruro
626 1625 668 1671 ru
690 1625 766 1671 rssr
787 1624 869 1674 unm
893 1623 929 1671 nt
959 1624 1100 1675 sturnos
1126 1621 1248 1689 rum]
1281 1608 1344 1673 Lt-

331 1706 436 1752 nunos
457 1692 665 1755 multitudinis
688 1712 823 1755 numa-ro
840 1690 934 1760 dixit,
955 1712 1031 1756 cum
1050 1694 1262 1759 Menedemus
1278 1692 1348 1755 uni·

329 1791 407 1835 cum
426 1774 548 1838 haberet
573 1776 686 1838 filium.
731 1773 863 1839 Constat
890 1774 974 1838 eninr
999 1779 1143 1863 antiquos
1170 1776 1347 1842 Oratores,

329 1854 555 1940 historiaeque,
576 1858 813 1929 autcarminum
824 1854 1018 1938 Scriptores,
1033 1857 1347 1925 etiamunumftlium

332 1938 472 2003 filiamve
479 1976 490 2008 ,
511 1943 610 2003 liberos
625 1940 831 2004 multitudinis
849 1961 985 2004 numero
1008 1942 1183 2025 appellasse.
1227 1943 1263 2005 in
1282 1939 1349 2004 He-

331 2040 406 2101 cyra
431 2022 530 2084 liberas
546 2024 578 2085 in
604 2020 827 2105 fignificatione
854 2024 945 2087 unius
973 2024 1056 2089 filiae
1073 2028 1167 2105 dixit,
1190 2026 1248 2110 Qui
1264 2022 1346 2085 illum

331 2106 521 2167 decreverunt
536 2106 675 2187 dignum,
690 2111 759 2187 suos
777 2111 824 2170 cui
840 2107 939 2169 liberos
953 2110 1174 2179 committerent.
1219 2105 1271 2169 Sic
1290 2101 1347 2165 Ci-

333 2205 427 2266 cero,
452 2186 502 2247 En
517 2192 566 2251 cui
581 2206 643 2251 tuos
667 2190 766 2251 liberos
783 2191 955 2251 committas.
1021 2208 1089 2273 103.
1112 2191 1252 2273 QuAN‘rI
1272 2198 1349 2246 PEN-

337 2281 473 2349 Duttus.]
497 2271 615 2348 Quanti
631 2270 724 2333 illum
740 2272 868 2334 faceres.
896 2270 1053 2334 Tradum
1067 2274 1105 2335 ab
1122 2272 1277 2355 antiquis>
1294 2268 1349 2353 qui

334 2366 407 2414 ante
433 2352 578 2435 signatam
609 2353 800 2432 pecuniam,
833 2372 885 2415 aes
915 2368 945 2415 et
976 2370 1141 2438 argentum
1165 2354 1349 2441 pendebant,

334 2433 355 2475 *
376 2434 452 2497 lnde
463 2438 588 2520 pendere
598 2452 704 2521 poenas
719 2436 872 2514 dicimus,
894 2433 925 2497 id
941 2433 1002 2503 est,
1024 2436 1096 2499 dare
1109 2436 1162 2500 seu
1179 2442 1350 2514 luercpoe·

335 2536 402 2580 nas.
447 2519 534 2581 Nam
557 2518 762 2598 antiquorum
786 2536 906 2599 poenae
926 2532 1012 2581 erant
1028 2519 1228 2599 pecuniariae.
1273 2516 1351 2579 lnde

328 2604 455 2685 pendere
474 2602 603 2663 dicimus
620 2600 778 2663 aestimare
795 2601 848 2663 seu
869 2598 964 2664 liceri.
1009 2601 1086 2664 lnde
1100 2602 1186 2666 nihili
1205 2599 1349 2682 pendere,

335 2683 365 2746 id
384 2686 444 2761 cll,
467 2685 552 2746 nihili
570 2684 683 2745 facere.
728 2683 804 2744 lnde
822 2683 905 2764 parvi
922 2684 1070 2761 pendere,
1096 2685 1188 2747 flocci
1207 2681 1352 2766 pendere,

337 2766 602 2849 magnipendere.
647 2783 717 2845 ¹04·
741 2763 822 2827 Nnc
844 2779 913 2828 rrar
932 2780 1087 2828 σηοω
1103 2779 1234 2848 rusus]
1258 2763 1352 2828 Ado·

337 2849 524 2912 lescentibus
542 2846 716 2931 gloriosum
736 2848 797 2926 est,
821 2849 840 2911 fi
858 2848 1008 2911 modestia
1029 2864 1159 2914 utuntur
1184 2865 1214 2912 et
1239 2848 1351 2929 pietate

335 2928 367 2994 in
385 2947 547 3013 parentes,
569 2949 602 2993 ut
619 2929 690 2993 nihil
700 2930 805 2993 dicant
817 2945 871 2993 aut
888 2929 1003 2995 faciant
1020 2932 1072 2995 nili
1092 2934 1226 2999 confilio
1241 2948 1351 3012 paren-

399 3032 404 3039 ’
520 3025 1167 3095 COMMENTARIUS.

336 3132 416 3181 rum,
442 3112 607 3199 sedmorruo
616 3108 728 3167 demum
739 3106 942 3189 poiseffionem.
979 3112 1049 3171 Vide
1057 3114 1115 3173 Cic.
1133 3115 1212 3172 Verr.
1231 3112 1306 3185 Ῑ.44.
1325 3126 1354 3173 et

340 3190 701 3335 &ffiiirffioeildlet
720 3260 788 3317 haec
801 3278 858 3319 vox
877 3261 962 3320 etiam
974 3260 1008 3321 de
1023 3280 1080 3319 uno
1095 3260 1155 3321 filio
1170 3260 1263 3323 filiave
1280 3262 1358 3332 ustar-¹

339 3340 409 3417 pari.
448 3338 491 3393 lta
510 3338 577 3393 Hec.
587 3336 625 3391 11.
640 3352 665 3391 r.
678 3350 720 3407 ις.

379 3432 440 3472 100.
463 3414 565 3471 Rucru
585 3424 646 3494 nur
666 3424 815 3493 connonn
832 3416 1041 3492 rammam]
1073 3409 1239 3482 Sallustius,
1267 3412 1351 3472 Catil.

339 3503 386 3563 ³⁹·
406 3492 466 3563 Q
479 3482 1358 3637 llll'llllllssll‘ff'lialff‘lulls‘lllll‘

340 3564 613 3713 {iiir'ctiiiit'siierie
627 3634 814 3717 crudeliterque
827 3636 1002 3695 tractaverat.
1033 3600 1060 3695 8
1111 3630 1145 3693 d'e
1161 3653 1195 3690 rc
1208 3605 1235 3693 fa
1253 3603 1361 3695 institu:

343 3714 421 3771 tione
432 3714 582 3773 liberorum
596 3710 706 3772 contule
714 3710 900 3793 praeteraiioe
909 3714 1040 3769 Senecam
1047 3710 1136 3782 ‚delr
1230 3704 1360 3796 inseqq.

335 3798 339 3807 '
381 3803 440 3847 102.
461 3788 537 3847 Non
557 3804 640 3845 vm
659 3792 817 3854 cremum]
843 3786 881 3845 ll.
898 3804 922 3845 e.
943 3786 1036 3845 Minus
1051 3787 1108 3845 retl
1240 3804 1360 3845 aratro·

343 3884 388 3923 ne.
430 3866 472 3922 lta
488 3879 554 3919 vera
570 3860 633 3919 vire
649 3862 749 3923 dicitur
772 3859 964 3937 ldelph.V.'9.
977 3880 1020 3935 30.

386 3959 448 4011 104
468 3940 579 4007 Nudus
597 3956 664 3997 arnt
683 3959 746 3997 mr·-
842 3952 1087 3997 maurannetus
1247 3936 1361 3995 cliosuo

343 4014 437 4077 laudat
451 4017 655 4081 Demaenetus,
675 4012 730 4071 Pla
859 4014 877 4064 l.
896 4025 918 4067 r.
935 4014 979 4086 65.

504 4086 661 4163 Praesertim
668 4106 720 4147 turc
861 4104 938 4151 ruem,
960 4088 1021 4167 quei
1035 4108 1079 4147 cen

397 4193 409 4225 Ι
