3392 5142
437 600 664 677 Aeros
714 592 802 675 ΙΙΙ.
852 562 1076 679 S'carra
1133 602 1163 677 I.
1253 614 1323 703 ⁶59

295 698 396 804 Qrid
412 729 447 785 te
462 711 619 786 futurum
637 713 769 808 censes,
793 736 897 812 quern
914 711 1037 787 affidue
1055 715 1224 789 exedent?

291 806 355 878 sic
372 831 427 881 me
447 808 499 884 Di
513 810 698 902 amabunt,
726 829 766 881 ut
781 833 837 881 me
853 828 991 901 tuarum
1006 808 1192 885 miseritum
1200 812 1272 908 est,

291 900 522 997 Menedeme,
547 904 775 979 fortunarum.
809 907 882 979 Me.
898 906 1018 977 Faciat
1032 908 1124 1001 quod
1132 906 1246 981 lubet:
1272 932 1318 1007 55

287 996 434 1092 Sumat,
459 1000 662 1095 consumat,
687 1000 829 1096 perdat,
854 1001 1031 1074 decretum
1049 999 1089 1071 ’st
1105 1005 1198 1097 pati:

287 1092 389 1171 Dum
415 1095 519 1207 illurn
541 1097 650 1209 niodo
674 1094 816 1169 habeam
839 1120 989 1170 mecum.
1040 1097 1101 1169 Ch.
1126 1098 1164 1171 Si
1179 1116 1317 1173 certum

287 1282 349 1357 Sic
364 1191 607 1380 faceerier'nffiud
622 1289 801 1386 permagni
818 1288 944 1362 referre
959 1288 1127 1381 arbitror,

286 1378 343 1452 Ut
368 1405 411 1453 ne
427 1383 590 1457 scientem
606 1384 726 1459 ieotiat
745 1405 781 1457 te
795 1383 832 1456 id
846 1384 910 1458 fibi
927 1385 1014 1458 dare.

285 1476 359 1549 Me.
384 1474 484 1574 Qrid
497 1478 645 1591 faciam?
692 1480 755 1555 Ch.
779 1480 931 1578 Quidvis
946 1483 1084 1579 potius,
1108 1468 1316 1581 quamquod

284 1665 353 1738 Per
367 1596 646 1771 aiinssgdirtstnvis
662 1692 704 1749 ut
719 1674 795 1751 des:
822 1674 893 1747 filli
911 1691 946 1747 te
963 1672 1048 1750 finas
1268 1585 1315 1649 60

516 1786 1103 1858 CALPHURNIUS.

285 1880 380 1951 steriis
398 1886 581 1958 distractos:
604 1894 681 1961 nihil
701 1892 926 1981 significantius
944 1895 1049 1959 dicere
1066 1894 1180 1976 potuit.
1224 1890 1312 1972 Qrid

285 1968 373 2034 enim
389 1972 474 2037 aliud
491 1973 533 2038 est
542 1975 719 2060 sollicitare,
740 1997 836 2063 quam
856 1976 914 2041 suo
926 1982 1002 2041 loco
1030 1998 1159 2043 movere
1174 1983 1189 2043 ’ἒ
1215 1978 1314 2039 Solum

286 2066 395 2117 autem
411 2055 488 2138 quin
505 2056 657 2143 fignificet
677 2065 808 2130 locum,
829 2060 901 2141 quis
920 2060 1063 2125 dubitate
1086 2080 1188 2143 quum
1214 2058 1315 2121 exules

283 2150 417 2223 quoque
434 2136 578 2207 dicantur
593 2161 630 2206 ex
646 2142 718 2209 solo
742 2144 858 2226 patriae
884 2143 957 2207 suae
980 2142 1069 2224 pulfi.
1112 2142 1315 2207 Sorucrros

282 2216 376 2301 igitur
395 2235 521 2287 unnurr
538 2244 651 2289 omnes
669 2225 880 2300 domesticos,
900 2226 955 2307 qui
973 2227 1045 2289 hinc
1063 2240 1094 2293 et
1111 2226 1183 2289 inde
1197 2221 1236 2287 ad
1255 2220 1314 2283 rni-

284 2299 480 2369 nistrandum
501 2306 741 2373 destinabantur.
795 2326 845 2402 53.
870 2308 976 2387 QJEM
1001 2306 1201 2411 aaronem]
1235 2302 1313 2382 Plus

286 2380 379 2462 dixit,
402 2389 558 2469 quamsi,
579 2412 661 2474 cujus
677 2413 741 2459 res,
762 2389 890 2453 dixrffet.
935 2409 988 2470 54.
1010 2387 1313 2453 S1crieD1nrrn-

285 2480 387 2529 auter.
399 2480 413 2549 ]
438 2470 502 2532 Pro
521 2490 630 2535 ament.
675 2471 735 2537 Ur
757 2489 806 2533 Me
833 2488 977 2535 rutrum
999 2487 1189 2534 Mrsrarruri
1217 2480 1311 2549 arn]

282 2544 369 2613 Bene
387 2568 588 2617 MtSERITUM.
631 2553 722 2618 Nam
748 2552 925 2619 secundum
951 2560 1157 2635 nonnullos,
1182 2554 1315 2644 miserari

284 2631 326 2692 est
345 2632 417 2696 flere
434 2650 465 2698 et
483 2638 667 2703 lamentari:
692 2636 869 2701 Misereri
889 2658 986 2716 vero,
1009 2636 1222 2719 miserationes
1240 2641 1316 2699 alre*

283 2716 332 2776 nis
351 2716 468 2781 casibus
489 2718 638 2783 exhibere.
687 2721 737 2801 56.
761 2716 898 2789 sumar,
911 2736 1115 2799 corsurorr,
1138 2724 1311 2799 raanan]

283 2794 366 2879 Quis
386 2800 448 2861 hoc
473 2817 560 2881 patre
586 2798 829 2889 indulgentior?
852 2802 904 2865 sed
929 2807 991 2867 hoc
1016 2801 1201 2888 contingere
1228 2802 1312 2866 solet

283 2878 361 2944 dum
380 2884 492 2946 unicus
508 2884 550 2947 est
570 2901 694 2969 gnatus.
736 2886 887 2968 sunia]
912 2884 1067 2966 Accipiat.
1093 2885 1181 2950 Alias
1192 2888 1313 2969 sumere

281 2962 325 3023 est
344 2965 466 3049 eligere.
508 2967 657 3049 Sallustius
675 2970 707 3051 iar
723 2973 868 3052 Jugurth.
896 2970 1002 3033 Sumat
1016 2970 1142 3056 aliquem
1160 2994 1199 3032 ex
1208 2966 1312 3055 popula

282 3047 450 3111 monitorem
461 3049 545 3127 officii
552 3051 614 3131 sui.
659 3050 831 3133 Parnon]
858 3046 957 3130 Qrod
974 3051 1078 3129 majus
1096 3051 1161 3121 est,
1177 3049 1312 3132 'etquod

284 3125 385 3192 finem
403 3129 609 3196 consumendi
630 3135 737 3217 habet,
761 3135 856 3196 tertio
882 3142 958 3198 loco
985 3132 1100 3215 polirit.
1163 3134 1313 3198 61.·Prrt

433 3231 1155 3309 COMMENTARIUS.

280 3324 379 3393 citare,
393 3324 448 3398 solo
463 3325 538 3387 ciere,
563 3328 629 3387 teste
646 3328 732 3387 Festo.
770 3327 854 3387 Unde
871 3330 958 3407 ipsum
968 3347 1042 3387 man
1052 3326 1195 3401 sollicitum
1209 3330 1310 3389 dicitur

279 3400 420 3479 Virgilio,
438 3406 542 3480 Georg.
551 3402 598 3461 IV.
610 3406 674 3463 262.
695 3423 783 3483 quum
790 3402 886 3463 stridet
895 3406 1073 3464 refluentibus
1087 3405 1175 3464 undis.

320 3495 365 3552 53.
384 3480 469 3551 ero
490 3497 530 3536 rr
549 3494 700 3537 rvruaun
722 3486 864 3549 erasmi]
884 3476 1308 3557 ltasolebantfereinredespe-

278 3571 348 3611 rata.
389 3556 432 3611 lta
441 3554 553 3615 Phorm.
567 3553 588 3613 1.
598 3570 625 3611 2.
636 3554 679 3622 87·
718 3552 847 3619 Plautus,
868 3556 1035 3629 Troc.11.4.
1048 3558 1093 3630 63.
1117 3548 1197 3629 Qrid
1212 3551 1313 3611 mesu-

280 3645 375 3685 turum
391 3630 447 3700 est,
471 3628 575 3705 quando
584 3628 658 3688 miles
666 3628 791 3688 venerit?
1093 3634 1095 3639 '

316 3705 491 3773 Examina]
511 3708 598 3781 Cujus
613 3706 739 3765 fortunas
757 3704 1015 3765 omnesabsumcnt.
1049 3706 1157 3773 Varro,
1177 3700 1308 3785 Epireiao:

278 3778 363 3837 crede
372 3777 440 3835 mihi
449 3820 459 3844 ‚
474 3780 683 3855 plurrrdomioor
693 3780 960 3848 cervicomedere„
982 3796 1048 3835 uam
1058 3798 1117 3835 car:
1173 3774 1310 3860 Lucilius,

277 3858 328 3988 pv.
348 3854 474 3987 &spodii
481 3858 529 3931 se,
547 3858 589 3917 hic
608 3858 732 3919 comedit
749 3876 800 3917 m.
835 3854 907 3941 Vide
922 3800 988 3935 Joii.
1000 3852 1076 3915 Fred.
1098 3862 1113 3909 i
1180 3869 1240 3933 qvir
1251 3850 1312 3908 Ob·

290 3950 348 3990 erv.
403 3950 476 4003 .24.
699 3962 705 3973 ·
751 3988 756 3997 ,

319 4024 364 4080 59.
385 4008 433 4065 Ur
463 4025 506 4065 nn
533 4026 691 4083 soranum
718 4022 856 4070 narrar
882 4024 923 4065 n
942 4024 978 4067 ro
999 4024 1087 4075 rur·
1213 3998 1312 4059 sensus

277 4081 335 4153 cst,
358 4081 560 4159 atarsentiar,
575 4084 734 4161 restaurem
742 4078 909 4159 idfibidm.
1212 4154 1226 4203 ὦ
1269 4145 1280 4203 1

311 4172 315 4177 ·
577 4188 582 4197 ·
766 4163 793 4214 T
809 4160 856 4215 ta·
1233 4166 1254 4215 3·
1285 4166 1316 4203 te
