<?xml version="1.0" encoding="UTF-8"?>
<!DOCTYPE html PUBLIC "-//W3C//DTD XHTML 1.0 Transitional//EN"
    "http://www.w3.org/TR/xhtml1/DTD/xhtml1-transitional.dtd">
<html xmlns="http://www.w3.org/1999/xhtml" xml:lang="en" lang="en">
 <head>
  <title>
</title>
<meta http-equiv="Content-Type" content="text/html;charset=utf-8" />
  <meta name='ocr-system' content='tesseract 3.04.00' />
  <meta name='ocr-capabilities' content='ocr_page ocr_carea ocr_par ocr_line ocrx_word'/>
</head>
<body>
  <div class='ocr_page' id='page_1' title='image "./pterentiiafrico00teregoog/pterentiiafrico00teregoog_0532.png"; bbox 0 0 3392 5142; ppageno 0'>
   <div class='ocr_carea' id='block_1_1' title="bbox 323 552 1055 709">
    <p class='ocr_par' dir='ltr' id='par_1_1' title="bbox 323 552 1055 709">
     <span class='ocr_line' id='line_1_1' title="bbox 323 552 1055 709; baseline -0.015 -26"><span class='ocrx_word' id='word_1_1' title='bbox 323 609 392 709; x_wconf 54' lang='lat'>5&amp;</span> <span class='ocrx_word' id='word_1_2' title='bbox 659 552 1055 676; x_wconf 62' lang='lat' dir='ltr'>noeoeane</span> 
     </span>
    </p>
   </div>
   <div class='ocr_carea' id='block_1_2' title="bbox 288 708 1358 1278">
    <p class='ocr_par' dir='ltr' id='par_1_2' title="bbox 322 708 1358 1050">
     <span class='ocr_line' id='line_1_2' title="bbox 322 708 1356 828; baseline -0.005 -25"><span class='ocrx_word' id='word_1_3' title='bbox 322 718 458 804; x_wconf 89' lang='lat' dir='ltr'>Alium</span> <span class='ocrx_word' id='word_1_4' title='bbox 473 712 814 825; x_wconf 74' lang='lat' dir='ltr'>quaerebam3iter</span> <span class='ocrx_word' id='word_1_5' title='bbox 827 711 902 793; x_wconf 87' lang='lat' dir='ltr'>hac</span> <span class='ocrx_word' id='word_1_6' title='bbox 918 708 1057 797; x_wconf 85' lang='lat' dir='ltr'>habui:</span> <span class='ocrx_word' id='word_1_7' title='bbox 1086 709 1254 828; x_wconf 86' lang='lat' dir='ltr'>periisti..</span> <span class='ocrx_word' id='word_1_8' title='bbox 1273 712 1356 798; x_wconf 81' lang='lat' dir='ltr'>Gn.</span> 
     </span>
     <span class='ocr_line' id='line_1_3' title="bbox 462 822 1355 928; baseline -0.012 -18"><span class='ocrx_word' id='word_1_9' title='bbox 462 835 554 921; x_wconf 92' lang='lat' dir='ltr'>Eia,</span> <span class='ocrx_word' id='word_1_10' title='bbox 586 826 690 909; x_wconf 94' lang='lat' dir='ltr'>haud</span> <span class='ocrx_word' id='word_1_11' title='bbox 707 822 760 906; x_wconf 89' lang='lat' dir='ltr'>stc</span> <span class='ocrx_word' id='word_1_12' title='bbox 776 825 903 908; x_wconf 86' lang='lat' dir='ltr'>decet.</span> <span class='ocrx_word' id='word_1_13' title='bbox 1300 853 1355 928; x_wconf 86' lang='lat'>35</span> 
     </span>
     <span class='ocr_line' id='line_1_4' title="bbox 322 936 1358 1050; baseline -0.003 -25"><span class='ocrx_word' id='word_1_14' title='bbox 322 939 404 1025; x_wconf 83' lang='lat' dir='ltr'>Pb.</span> <span class='ocrx_word' id='word_1_15' title='bbox 434 943 598 1023; x_wconf 74' lang='lat' dir='ltr'>Didium</span> <span class='ocrx_word' id='word_1_16' title='bbox 614 937 678 1020; x_wconf 89' lang='lat' dir='ltr'>est.</span> <span class='ocrx_word' id='word_1_17' title='bbox 735 937 812 1019; x_wconf 87' lang='lat' dir='ltr'>Gn.</span> <span class='ocrx_word' id='word_1_18' title='bbox 848 938 944 1021; x_wconf 88' lang='lat' dir='ltr'>Non</span> <span class='ocrx_word' id='word_1_19' title='bbox 966 938 1168 1050; x_wconf 87' lang='lat' dir='ltr'>cognosco</span> <span class='ocrx_word' id='word_1_20' title='bbox 1184 936 1358 1023; x_wconf 82' lang='lat' dir='ltr'>vestrum</span> 
     </span>
    </p>

    <p class='ocr_par' dir='ltr' id='par_1_3' title="bbox 288 1048 1356 1278">
     <span class='ocr_line' id='line_1_5' title="bbox 288 1048 1218 1164; baseline -0.006 -29"><span class='ocrx_word' id='word_1_21' title='bbox 288 1054 290 1059; x_wconf 75' lang='grc'><strong>’</strong></span> <span class='ocrx_word' id='word_1_22' title='bbox 459 1075 541 1135; x_wconf 90' lang='lat' dir='ltr'>tam</span> <span class='ocrx_word' id='word_1_23' title='bbox 555 1049 770 1164; x_wconf 85' lang='lat' dir='ltr'>superbum.</span> <span class='ocrx_word' id='word_1_24' title='bbox 829 1048 911 1130; x_wconf 85' lang='lat' dir='ltr'>Ph.</span> <span class='ocrx_word' id='word_1_25' title='bbox 942 1055 1007 1132; x_wconf 89' lang='lat' dir='ltr'>Sic</span> <span class='ocrx_word' id='word_1_26' title='bbox 1023 1057 1108 1131; x_wconf 82' lang='lat' dir='ltr'>erit.</span> <span class='ocrx_word' id='word_1_27' title='bbox 1212 1084 1218 1097; x_wconf 93' lang='lat'>·</span> 
     </span>
     <span class='ocr_line' id='line_1_6' title="bbox 323 1162 1356 1278; baseline 0 -30"><span class='ocrx_word' id='word_1_28' title='bbox 323 1167 400 1249; x_wconf 86' lang='lat' dir='ltr'>Gn.</span> <span class='ocrx_word' id='word_1_29' title='bbox 430 1169 542 1248; x_wconf 84' lang='lat' dir='ltr'><strong>Prius</strong></span> <span class='ocrx_word' id='word_1_30' title='bbox 563 1164 694 1246; x_wconf 90' lang='lat' dir='ltr'>audite</span> <span class='ocrx_word' id='word_1_31' title='bbox 716 1167 870 1278; x_wconf 85' lang='lat' dir='ltr'>paucis:</span> <span class='ocrx_word' id='word_1_32' title='bbox 902 1162 1012 1270; x_wconf 92' lang='lat' dir='ltr'>quod</span> <span class='ocrx_word' id='word_1_33' title='bbox 1043 1189 1166 1272; x_wconf 88' lang='lat' dir='ltr'>quum</span> <span class='ocrx_word' id='word_1_34' title='bbox 1193 1162 1356 1260; x_wconf 83' lang='lat' dir='ltr'>dixero,</span> 
     </span>
    </p>
   </div>
   <div class='ocr_carea' id='block_1_3' title="bbox 460 1275 714 1391">
    <p class='ocr_par' dir='ltr' id='par_1_4' title="bbox 460 1275 714 1391">
     <span class='ocr_line' id='line_1_7' title="bbox 460 1275 714 1391; baseline -0.008 -33"><span class='ocrx_word' id='word_1_35' title='bbox 460 1275 489 1358; x_wconf 87' lang='lat' dir='ltr'>st</span> <span class='ocrx_word' id='word_1_36' title='bbox 504 1276 714 1391; x_wconf 86' lang='lat' dir='ltr'>placuerit,</span> 
     </span>
    </p>
   </div>
   <div class='ocr_carea' id='block_1_4' title="bbox 322 1387 1355 1615">
    <p class='ocr_par' dir='ltr' id='par_1_5' title="bbox 322 1387 1355 1615">
     <span class='ocr_line' id='line_1_8' title="bbox 322 1387 1355 1475; baseline -0.001 -1"><span class='ocrx_word' id='word_1_37' title='bbox 322 1396 512 1474; x_wconf 84' lang='lat' dir='ltr'>Facitote.</span> <span class='ocrx_word' id='word_1_38' title='bbox 584 1387 665 1470; x_wconf 78' lang='lat' dir='ltr'>Ph.</span> <span class='ocrx_word' id='word_1_39' title='bbox 696 1389 925 1472; x_wconf 77' lang='lat' dir='ltr'><strong>Audiamus.</strong></span> <span class='ocrx_word' id='word_1_40' title='bbox 981 1387 1059 1470; x_wconf 86' lang='lat' dir='ltr'>Gn.</span> <span class='ocrx_word' id='word_1_41' title='bbox 1087 1390 1158 1471; x_wconf 94' lang='lat' dir='ltr'>Tu</span> <span class='ocrx_word' id='word_1_42' title='bbox 1178 1392 1355 1475; x_wconf 90' lang='lat' dir='ltr'>concede</span> 
     </span>
     <span class='ocr_line' id='line_1_9' title="bbox 341 1498 967 1615; baseline -0.006 -31"><span class='ocrx_word' id='word_1_43' title='bbox 341 1533 361 1611; x_wconf 61' lang='lat' dir='ltr'><em>Q</em></span> <span class='ocrx_word' id='word_1_44' title='bbox 462 1500 636 1615; x_wconf 88' lang='lat' dir='ltr'>paullum</span> <span class='ocrx_word' id='word_1_45' title='bbox 652 1498 770 1594; x_wconf 84' lang='lat' dir='ltr'>iiiuc,</span> <span class='ocrx_word' id='word_1_46' title='bbox 801 1498 967 1584; x_wconf 86' lang='lat' dir='ltr'>Thraso.</span> 
     </span>
    </p>
   </div>
   <div class='ocr_carea' id='block_1_5' title="bbox 588 1659 1094 1726">
    <p class='ocr_par' dir='ltr' id='par_1_6' title="bbox 588 1659 1094 1726">
     <span class='ocr_line' id='line_1_10' title="bbox 588 1659 1094 1726; baseline -0.008 0"><span class='ocrx_word' id='word_1_47' title='bbox 588 1659 1094 1726; x_wconf 87' lang='lat' dir='ltr'>DONATUS.</span> 
     </span>
    </p>
   </div>
   <div class='ocr_carea' id='block_1_6' title="bbox 283 1773 1353 2768">
    <p class='ocr_par' dir='ltr' id='par_1_7' title="bbox 283 1773 1353 2768">
     <span class='ocr_line' id='line_1_11' title="bbox 323 1773 1353 1858; baseline 0.002 -20"><span class='ocrx_word' id='word_1_48' title='bbox 323 1791 362 1837; x_wconf 84' lang='lat' dir='ltr'>ru</span> <span class='ocrx_word' id='word_1_49' title='bbox 382 1790 507 1838; x_wconf 75' lang='lat' dir='ltr'>renem</span> <span class='ocrx_word' id='word_1_50' title='bbox 532 1789 734 1839; x_wconf 73' lang='lat' dir='ltr'>oefruoeeo</span> <span class='ocrx_word' id='word_1_51' title='bbox 758 1775 862 1858; x_wconf 58' lang='lat' dir='ltr'>unc]</span> <span class='ocrx_word' id='word_1_52' title='bbox 886 1775 963 1838; x_wconf 88' lang='lat' dir='ltr'>Hoc</span> <span class='ocrx_word' id='word_1_53' title='bbox 981 1775 1045 1853; x_wconf 82' lang='lat' dir='ltr'>esi,</span> <span class='ocrx_word' id='word_1_54' title='bbox 1068 1776 1098 1839; x_wconf 85' lang='lat' dir='ltr'>st</span> <span class='ocrx_word' id='word_1_55' title='bbox 1114 1780 1163 1838; x_wconf 85' lang='lat' dir='ltr'>vei</span> <span class='ocrx_word' id='word_1_56' title='bbox 1181 1773 1254 1838; x_wconf 90' lang='lat' dir='ltr'>casu</span> <span class='ocrx_word' id='word_1_57' title='bbox 1267 1779 1353 1840; x_wconf 81' lang='lat' dir='ltr'>inve·</span> 
     </span>
     <span class='ocr_line' id='line_1_12' title="bbox 322 1854 1350 1942; baseline 0 -20"><span class='ocrx_word' id='word_1_58' title='bbox 322 1876 411 1922; x_wconf 90' lang='lat' dir='ltr'>nero.</span> <span class='ocrx_word' id='word_1_59' title='bbox 473 1854 515 1919; x_wconf 91' lang='lat' dir='ltr'>Et</span> <span class='ocrx_word' id='word_1_60' title='bbox 536 1870 573 1917; x_wconf 84' lang='lat' dir='ltr'>lu</span> <span class='ocrx_word' id='word_1_61' title='bbox 595 1871 739 1935; x_wconf 73' lang='lat' dir='ltr'>ennean,</span> <span class='ocrx_word' id='word_1_62' title='bbox 763 1859 882 1942; x_wconf 90' lang='lat' dir='ltr'>inquit,</span> <span class='ocrx_word' id='word_1_63' title='bbox 905 1877 990 1937; x_wconf 83' lang='lat' dir='ltr'>non,</span> <span class='ocrx_word' id='word_1_64' title='bbox 1009 1857 1283 1922; x_wconf 84' lang='lat' dir='ltr'>citcaMeretricis</span> <span class='ocrx_word' id='word_1_65' title='bbox 1300 1859 1350 1922; x_wconf 91' lang='lat' dir='ltr'>fo·</span> 
     </span>
     <span class='ocr_line' id='line_1_13' title="bbox 323 1938 1350 2023; baseline 0.001 -20"><span class='ocrx_word' id='word_1_66' title='bbox 323 1959 383 2003; x_wconf 85' lang='lat' dir='ltr'>res.</span> <span class='ocrx_word' id='word_1_67' title='bbox 427 1938 537 2002; x_wconf 77' lang='lat' dir='ltr'>Nune</span> <span class='ocrx_word' id='word_1_68' title='bbox 557 1954 615 1999; x_wconf 78' lang='lat' dir='ltr'>asr</span> <span class='ocrx_word' id='word_1_69' title='bbox 637 1951 734 2020; x_wconf 66' lang='lat' dir='ltr'>quon</span> <span class='ocrx_word' id='word_1_70' title='bbox 757 1943 890 2023; x_wconf 69' lang='lat' dir='ltr'>orcan]</span> <span class='ocrx_word' id='word_1_71' title='bbox 919 1941 1045 2009; x_wconf 79' lang='lat' dir='ltr'>Niuu,</span> <span class='ocrx_word' id='word_1_72' title='bbox 1064 1959 1229 2020; x_wconf 88' lang='lat' dir='ltr'>pronon:</span> <span class='ocrx_word' id='word_1_73' title='bbox 1253 1942 1350 2023; x_wconf 72' lang='lat' dir='ltr'>utne,</span> 
     </span>
     <span class='ocr_line' id='line_1_14' title="bbox 324 2020 1353 2106; baseline 0.005 -20"><span class='ocrx_word' id='word_1_74' title='bbox 324 2041 392 2087; x_wconf 89' lang='lat' dir='ltr'>non</span> <span class='ocrx_word' id='word_1_75' title='bbox 410 2022 451 2101; x_wconf 79' lang='lat' dir='ltr'>pii</span> <span class='ocrx_word' id='word_1_76' title='bbox 468 2021 553 2106; x_wconf 90' lang='lat' dir='ltr'>quod</span> <span class='ocrx_word' id='word_1_77' title='bbox 570 2020 652 2083; x_wconf 86' lang='lat' dir='ltr'>dicas</span> <span class='ocrx_word' id='word_1_78' title='bbox 664 2022 757 2084; x_wconf 86' lang='lat' dir='ltr'>mihi:</span> <span class='ocrx_word' id='word_1_79' title='bbox 782 2022 814 2084; x_wconf 90' lang='lat' dir='ltr'>id</span> <span class='ocrx_word' id='word_1_80' title='bbox 831 2023 894 2102; x_wconf 85' lang='lat' dir='ltr'>eii,</span> <span class='ocrx_word' id='word_1_81' title='bbox 918 2024 1044 2086; x_wconf 82' lang='lat' dir='ltr'>nihiiest</span> <span class='ocrx_word' id='word_1_82' title='bbox 1056 2023 1142 2102; x_wconf 86' lang='lat' dir='ltr'>quod</span> <span class='ocrx_word' id='word_1_83' title='bbox 1154 2021 1237 2086; x_wconf 84' lang='lat' dir='ltr'>dicas</span> <span class='ocrx_word' id='word_1_84' title='bbox 1251 2072 1260 2104; x_wconf 91' lang='lat'>,</span> <span class='ocrx_word' id='word_1_85' title='bbox 1276 2043 1353 2105; x_wconf 74' lang='lat' dir='ltr'>pro,</span> 
     </span>
     <span class='ocr_line' id='line_1_15' title="bbox 325 2104 1351 2187; baseline 0 -21"><span class='ocrx_word' id='word_1_86' title='bbox 325 2121 361 2168; x_wconf 89' lang='lat' dir='ltr'>ut</span> <span class='ocrx_word' id='word_1_87' title='bbox 380 2106 463 2169; x_wconf 88' lang='lat' dir='ltr'>dicas</span> <span class='ocrx_word' id='word_1_88' title='bbox 484 2104 569 2167; x_wconf 87' lang='lat' dir='ltr'>mihi.</span> <span class='ocrx_word' id='word_1_89' title='bbox 595 2119 630 2166; x_wconf 91' lang='lat' dir='ltr'>ut</span> <span class='ocrx_word' id='word_1_90' title='bbox 649 2105 702 2183; x_wconf 81' lang='lat' dir='ltr'>dt,</span> <span class='ocrx_word' id='word_1_91' title='bbox 735 2117 854 2185; x_wconf 77' lang='lat' dir='ltr'>Qlou,</span> <span class='ocrx_word' id='word_1_92' title='bbox 886 2121 1013 2185; x_wconf 82' lang='lat' dir='ltr'>prout:</span> <span class='ocrx_word' id='word_1_93' title='bbox 1046 2117 1243 2181; x_wconf 61' lang='lat' dir='ltr'>aurunco,</span> <span class='ocrx_word' id='word_1_94' title='bbox 1275 2125 1351 2187; x_wconf 86' lang='lat' dir='ltr'>pro,</span> 
     </span>
     <span class='ocr_line' id='line_1_16' title="bbox 325 2185 1351 2271; baseline 0.001 -20"><span class='ocrx_word' id='word_1_95' title='bbox 325 2189 401 2271; x_wconf 87' lang='lat' dir='ltr'>quid</span> <span class='ocrx_word' id='word_1_96' title='bbox 417 2190 501 2252; x_wconf 83' lang='lat' dir='ltr'>dicas</span> <span class='ocrx_word' id='word_1_97' title='bbox 518 2188 603 2250; x_wconf 81' lang='lat' dir='ltr'>mihi.</span> <span class='ocrx_word' id='word_1_98' title='bbox 633 2189 781 2259; x_wconf 70' lang='lat' dir='ltr'>Certum</span> <span class='ocrx_word' id='word_1_99' title='bbox 798 2185 839 2249; x_wconf 87' lang='lat' dir='ltr'>eil</span> <span class='ocrx_word' id='word_1_100' title='bbox 858 2202 965 2251; x_wconf 89' lang='lat' dir='ltr'>autern</span> <span class='ocrx_word' id='word_1_101' title='bbox 984 2234 994 2265; x_wconf 90' lang='lat'>,</span> <span class='ocrx_word' id='word_1_102' title='bbox 1025 2187 1065 2250; x_wconf 86' lang='lat' dir='ltr'>src</span> <span class='ocrx_word' id='word_1_103' title='bbox 1084 2202 1205 2251; x_wconf 83' lang='lat' dir='ltr'>veteres</span> <span class='ocrx_word' id='word_1_104' title='bbox 1223 2192 1351 2252; x_wconf 86' lang='lat' dir='ltr'>locutos</span> 
     </span>
     <span class='ocr_line' id='line_1_17' title="bbox 326 2269 1350 2355; baseline 0.002 -25"><span class='ocrx_word' id='word_1_105' title='bbox 326 2269 396 2333; x_wconf 84' lang='lat' dir='ltr'>eise.</span> <span class='ocrx_word' id='word_1_106' title='bbox 459 2289 509 2354; x_wconf 86' lang='lat'>35.</span> <span class='ocrx_word' id='word_1_107' title='bbox 537 2269 655 2332; x_wconf 75' lang='lat' dir='ltr'>Actum</span> <span class='ocrx_word' id='word_1_108' title='bbox 676 2281 914 2352; x_wconf 65' lang='lat' dir='ltr'>Quamnam]</span> <span class='ocrx_word' id='word_1_109' title='bbox 954 2270 1021 2332; x_wconf 87' lang='lat' dir='ltr'>Aut</span> <span class='ocrx_word' id='word_1_110' title='bbox 1043 2284 1151 2332; x_wconf 72' lang='lat' dir='ltr'>aarum</span> <span class='ocrx_word' id='word_1_111' title='bbox 1174 2288 1233 2350; x_wconf 90' lang='lat' dir='ltr'>pro</span> <span class='ocrx_word' id='word_1_112' title='bbox 1253 2271 1350 2355; x_wconf 81' lang='lat' dir='ltr'>Quen·</span> 
     </span>
     <span class='ocr_line' id='line_1_18' title="bbox 326 2350 1347 2441; baseline 0.003 -26"><span class='ocrx_word' id='word_1_113' title='bbox 326 2354 395 2415; x_wconf 82' lang='lat' dir='ltr'>dam</span> <span class='ocrx_word' id='word_1_114' title='bbox 413 2353 532 2433; x_wconf 83' lang='lat' dir='ltr'>posuit:</span> <span class='ocrx_word' id='word_1_115' title='bbox 558 2367 593 2414; x_wconf 90' lang='lat' dir='ltr'>ut</span> <span class='ocrx_word' id='word_1_116' title='bbox 612 2353 664 2432; x_wconf 86' lang='lat' dir='ltr'>lit,</span> <span class='ocrx_word' id='word_1_117' title='bbox 689 2355 831 2441; x_wconf 84' lang='lat' dir='ltr'><em>quendam</em></span> <span class='ocrx_word' id='word_1_118' title='bbox 847 2354 1035 2440; x_wconf 83' lang='lat' dir='ltr'><em>quaerebam,</em></span> <span class='ocrx_word' id='word_1_119' title='bbox 1063 2352 1093 2415; x_wconf 91' lang='lat' dir='ltr'>id</span> <span class='ocrx_word' id='word_1_120' title='bbox 1110 2350 1169 2432; x_wconf 85' lang='lat' dir='ltr'>ett,</span> <span class='ocrx_word' id='word_1_121' title='bbox 1200 2352 1347 2436; x_wconf 80' lang='lat' dir='ltr'>aliquem.</span> 
     </span>
     <span class='ocr_line' id='line_1_19' title="bbox 283 2434 1351 2516; baseline 0.001 -19"><span class='ocrx_word' id='word_1_122' title='bbox 283 2442 290 2449; x_wconf 88' lang='lat'>&#39;</span> <span class='ocrx_word' id='word_1_123' title='bbox 326 2448 525 2513; x_wconf 70' lang='lat' dir='ltr'>nutrierunt,</span> <span class='ocrx_word' id='word_1_124' title='bbox 550 2435 691 2516; x_wconf 81' lang='lat' dir='ltr'>boecii,</span> <span class='ocrx_word' id='word_1_125' title='bbox 722 2453 790 2498; x_wconf 91' lang='lat' dir='ltr'>non</span> <span class='ocrx_word' id='word_1_126' title='bbox 808 2453 905 2514; x_wconf 90' lang='lat' dir='ltr'>quem</span> <span class='ocrx_word' id='word_1_127' title='bbox 923 2450 956 2496; x_wconf 90' lang='lat' dir='ltr'>tu</span> <span class='ocrx_word' id='word_1_128' title='bbox 974 2449 1086 2516; x_wconf 85' lang='lat' dir='ltr'>putas:</span> <span class='ocrx_word' id='word_1_129' title='bbox 1114 2436 1175 2497; x_wconf 80' lang='lat' dir='ltr'>hoe</span> <span class='ocrx_word' id='word_1_130' title='bbox 1194 2434 1235 2496; x_wconf 89' lang='lat' dir='ltr'>eil</span> <span class='ocrx_word' id='word_1_131' title='bbox 1254 2460 1269 2503; x_wconf 84' lang='lat'>‚·</span> <span class='ocrx_word' id='word_1_132' title='bbox 1298 2437 1351 2498; x_wconf 90' lang='lat' dir='ltr'>ali·</span> 
     </span>
     <span class='ocr_line' id='line_1_20' title="bbox 327 2516 1351 2598; baseline 0.002 -20"><span class='ocrx_word' id='word_1_133' title='bbox 327 2536 405 2598; x_wconf 85' lang='lat' dir='ltr'>um,</span> <span class='ocrx_word' id='word_1_134' title='bbox 428 2537 495 2581; x_wconf 91' lang='lat' dir='ltr'>non</span> <span class='ocrx_word' id='word_1_135' title='bbox 512 2517 678 2581; x_wconf 87' lang='lat' dir='ltr'>Thaidem.</span> <span class='ocrx_word' id='word_1_136' title='bbox 732 2516 793 2579; x_wconf 85' lang='lat' dir='ltr'>Sed</span> <span class='ocrx_word' id='word_1_137' title='bbox 812 2517 831 2579; x_wconf 87' lang='lat' dir='ltr'>li</span> <span class='ocrx_word' id='word_1_138' title='bbox 847 2518 935 2579; x_wconf 83' lang='lat' dir='ltr'>aliam</span> <span class='ocrx_word' id='word_1_139' title='bbox 960 2516 1100 2596; x_wconf 86' lang='lat' dir='ltr'>diceret,</span> <span class='ocrx_word' id='word_1_140' title='bbox 1133 2534 1236 2598; x_wconf 87' lang='lat' dir='ltr'>neque</span> <span class='ocrx_word' id='word_1_141' title='bbox 1261 2536 1351 2580; x_wconf 89' lang='lat' dir='ltr'>com·</span> 
     </span>
     <span class='ocr_line' id='line_1_21' title="bbox 327 2599 1352 2683; baseline -0.001 -22"><span class='ocrx_word' id='word_1_142' title='bbox 327 2603 444 2679; x_wconf 85' lang='lat' dir='ltr'>mode,</span> <span class='ocrx_word' id='word_1_143' title='bbox 468 2618 570 2683; x_wconf 89' lang='lat' dir='ltr'>neque</span> <span class='ocrx_word' id='word_1_144' title='bbox 594 2601 707 2672; x_wconf 62' lang='grc' dir='ltr'>ἐμφύνως</span> <span class='ocrx_word' id='word_1_145' title='bbox 729 2603 920 2678; x_wconf 87' lang='lat' dir='ltr'>loqueretur.</span> <span class='ocrx_word' id='word_1_146' title='bbox 947 2603 1101 2677; x_wconf 85' lang='lat' dir='ltr'>praevalet</span> <span class='ocrx_word' id='word_1_147' title='bbox 1125 2599 1209 2660; x_wconf 87' lang='lat' dir='ltr'>enim</span> <span class='ocrx_word' id='word_1_148' title='bbox 1229 2600 1352 2660; x_wconf 90' lang='lat' dir='ltr'>mascu-</span> 
     </span>
     <span class='ocr_line' id='line_1_22' title="bbox 328 2676 1352 2768; baseline -0.001 -23"><span class='ocrx_word' id='word_1_149' title='bbox 328 2683 431 2746; x_wconf 89' lang='lat' dir='ltr'>linum</span> <span class='ocrx_word' id='word_1_150' title='bbox 447 2700 559 2768; x_wconf 81' lang='lat' dir='ltr'>genus.</span> <span class='ocrx_word' id='word_1_151' title='bbox 611 2676 776 2761; x_wconf 72' lang='lat' dir='ltr'>Pensm]</span> <span class='ocrx_word' id='word_1_152' title='bbox 809 2678 901 2755; x_wconf 69' lang='lat' dir='ltr'>Ordo</span> <span class='ocrx_word' id='word_1_153' title='bbox 919 2679 988 2750; x_wconf 82' lang='lat' dir='ltr'>esi,</span> <span class='ocrx_word' id='word_1_154' title='bbox 1017 2681 1180 2762; x_wconf 87' lang='lat' dir='ltr'>postquam</span> <span class='ocrx_word' id='word_1_155' title='bbox 1201 2679 1230 2742; x_wconf 90' lang='lat' dir='ltr'>in</span> <span class='ocrx_word' id='word_1_156' title='bbox 1250 2686 1352 2759; x_wconf 83' lang='lat' dir='ltr'>platea</span> 
     </span>
    </p>
   </div>
   <div class='ocr_carea' id='block_1_7' title="bbox 230 2762 1350 2838">
    <p class='ocr_par' dir='ltr' id='par_1_8' title="bbox 230 2762 1350 2838">
     <span class='ocr_line' id='line_1_23' title="bbox 230 2762 1350 2838; baseline 0 -12"><span class='ocrx_word' id='word_1_157' title='bbox 230 2768 234 2777; x_wconf 93' lang='lat'>&#39;</span> <span class='ocrx_word' id='word_1_158' title='bbox 327 2766 385 2828; x_wconf 89' lang='lat' dir='ltr'>hac</span> <span class='ocrx_word' id='word_1_159' title='bbox 402 2780 433 2828; x_wconf 92' lang='lat' dir='ltr'>te</span> <span class='ocrx_word' id='word_1_160' title='bbox 449 2762 632 2826; x_wconf 87' lang='lat' dir='ltr'>offendero›</span> <span class='ocrx_word' id='word_1_161' title='bbox 655 2762 764 2838; x_wconf 87' lang='lat' dir='ltr'>petilii.</span> <span class='ocrx_word' id='word_1_162' title='bbox 807 2763 904 2824; x_wconf 63' lang='lat' dir='ltr'>Etru</span> <span class='ocrx_word' id='word_1_163' title='bbox 939 2764 1100 2827; x_wconf 90' lang='lat' dir='ltr'>interdum</span> <span class='ocrx_word' id='word_1_164' title='bbox 1127 2763 1280 2825; x_wconf 85' lang='lat' dir='ltr'>hortantis</span> <span class='ocrx_word' id='word_1_165' title='bbox 1298 2765 1350 2826; x_wconf 85' lang='lat' dir='ltr'>eli.</span> 
     </span>
    </p>
   </div>
   <div class='ocr_carea' id='block_1_8' title="bbox 264 2820 1355 3510">
    <p class='ocr_par' dir='ltr' id='par_1_9' title="bbox 264 2820 1355 3510">
     <span class='ocr_line' id='line_1_24' title="bbox 327 2820 1351 2930; baseline 0 -24"><span class='ocrx_word' id='word_1_166' title='bbox 327 2864 404 2928; x_wconf 80' lang='lat' dir='ltr'>ergo</span> <span class='ocrx_word' id='word_1_167' title='bbox 422 2865 509 2908; x_wconf 91' lang='lat' dir='ltr'>nunc</span> <span class='ocrx_word' id='word_1_168' title='bbox 528 2859 603 2922; x_wconf 79' lang='lat' dir='ltr'>run,</span> <span class='ocrx_word' id='word_1_169' title='bbox 627 2843 858 2909; x_wconf 75' lang='lat' dir='ltr'>corredionem</span> <span class='ocrx_word' id='word_1_170' title='bbox 876 2820 1039 2930; x_wconf 75' lang='lat' dir='ltr'>ffgniiicat.</span> <span class='ocrx_word' id='word_1_171' title='bbox 1081 2847 1130 2929; x_wconf 85' lang='lat'>36.</span> <span class='ocrx_word' id='word_1_172' title='bbox 1155 2845 1244 2907; x_wconf 83' lang='grc' dir='ltr'>ΝοΝ</span> <span class='ocrx_word' id='word_1_173' title='bbox 1265 2859 1351 2908; x_wconf 78' lang='lat' dir='ltr'>coc·</span> 
     </span>
     <span class='ocr_line' id='line_1_25' title="bbox 326 2927 1348 3009; baseline 0 -21"><span class='ocrx_word' id='word_1_174' title='bbox 326 2940 439 2989; x_wconf 87' lang='lat' dir='ltr'>uosco</span> <span class='ocrx_word' id='word_1_175' title='bbox 467 2941 622 2990; x_wconf 78' lang='lat' dir='ltr'>vustnuu</span> <span class='ocrx_word' id='word_1_176' title='bbox 645 2940 943 3009; x_wconf 71' lang='lat' dir='ltr'>trummacum]</span> <span class='ocrx_word' id='word_1_177' title='bbox 982 2927 1121 2992; x_wconf 76' lang='lat' dir='ltr'>Locutio</span> <span class='ocrx_word' id='word_1_178' title='bbox 1148 2928 1348 2990; x_wconf 84' lang='lat' dir='ltr'>annotanda:</span> 
     </span>
     <span class='ocr_line' id='line_1_26' title="bbox 264 3008 1348 3090; baseline -0.003 -18"><span class='ocrx_word' id='word_1_179' title='bbox 264 3008 271 3019; x_wconf 75' lang='grc'><em>“</em></span> <span class='ocrx_word' id='word_1_180' title='bbox 326 3012 405 3074; x_wconf 88' lang='lat' dir='ltr'>mire</span> <span class='ocrx_word' id='word_1_181' title='bbox 422 3011 577 3086; x_wconf 84' lang='lat' dir='ltr'>laudavit,</span> <span class='ocrx_word' id='word_1_182' title='bbox 611 3020 644 3070; x_wconf 91' lang='lat' dir='ltr'>ut</span> <span class='ocrx_word' id='word_1_183' title='bbox 664 3008 844 3089; x_wconf 86' lang='lat' dir='ltr'>persuadete</span> <span class='ocrx_word' id='word_1_184' title='bbox 862 3009 1018 3090; x_wconf 83' lang='lat' dir='ltr'>potuisset.</span> <span class='ocrx_word' id='word_1_185' title='bbox 1087 3013 1253 3072; x_wconf 71' lang='lat' dir='ltr'>Varenum</span> <span class='ocrx_word' id='word_1_186' title='bbox 1274 3025 1348 3071; x_wconf 78' lang='lat' dir='ltr'>rant</span> 
     </span>
     <span class='ocr_line' id='line_1_27' title="bbox 327 3092 1351 3175; baseline 0.001 -23"><span class='ocrx_word' id='word_1_187' title='bbox 327 3107 509 3155; x_wconf 80' lang='lat' dir='ltr'>sueenauu.</span> <span class='ocrx_word' id='word_1_188' title='bbox 558 3092 655 3168; x_wconf 85' lang='lat' dir='ltr'>Non,</span> <span class='ocrx_word' id='word_1_189' title='bbox 676 3107 828 3154; x_wconf 82' lang='lat' dir='ltr'>vesrnuu</span> <span class='ocrx_word' id='word_1_190' title='bbox 849 3109 1030 3156; x_wconf 75' lang='lat' dir='ltr'>turoneum.</span> <span class='ocrx_word' id='word_1_191' title='bbox 1085 3093 1251 3155; x_wconf 78' lang='lat' dir='ltr'>Vesrnuu</span> <span class='ocrx_word' id='word_1_192' title='bbox 1273 3109 1351 3175; x_wconf 65' lang='lat' dir='ltr'>rau</span> 
     </span>
     <span class='ocr_line' id='line_1_28' title="bbox 297 3172 1351 3264; baseline 0.002 -31"><span class='ocrx_word' id='word_1_193' title='bbox 297 3172 302 3181; x_wconf 79' lang='grc'><em>“</em></span> <span class='ocrx_word' id='word_1_194' title='bbox 328 3189 511 3241; x_wconf 66' lang='lat' dir='ltr'>rutundum,</span> <span class='ocrx_word' id='word_1_195' title='bbox 563 3173 735 3261; x_wconf 71' lang='lat' dir='ltr'>Absolute:</span> <span class='ocrx_word' id='word_1_196' title='bbox 759 3190 813 3254; x_wconf 86' lang='lat' dir='ltr'>ut,</span> <span class='ocrx_word' id='word_1_197' title='bbox 837 3175 912 3256; x_wconf 87' lang='lat' dir='ltr'>Pol,</span> <span class='ocrx_word' id='word_1_198' title='bbox 935 3178 1039 3244; x_wconf 80' lang='lat' dir='ltr'>Crito,</span> <span class='ocrx_word' id='word_1_199' title='bbox 1062 3179 1216 3264; x_wconf 82' lang='lat' dir='ltr'>antiquum</span> <span class='ocrx_word' id='word_1_200' title='bbox 1235 3177 1351 3237; x_wconf 83' lang='lat' dir='ltr'>obtinet.</span> 
     </span>
     <span class='ocr_line' id='line_1_29' title="bbox 327 3251 1355 3340; baseline 0 -22"><span class='ocrx_word' id='word_1_201' title='bbox 327 3251 416 3340; x_wconf 81' lang='lat' dir='ltr'>Ergo</span> <span class='ocrx_word' id='word_1_202' title='bbox 436 3256 652 3319; x_wconf 78' lang='lat' dir='ltr'>subaudiamus</span> <span class='ocrx_word' id='word_1_203' title='bbox 668 3261 716 3319; x_wconf 88' lang='lat' dir='ltr'>vel</span> <span class='ocrx_word' id='word_1_204' title='bbox 734 3257 899 3336; x_wconf 78' lang='lat' dir='ltr'>ingenium,</span> <span class='ocrx_word' id='word_1_205' title='bbox 922 3263 971 3320; x_wconf 88' lang='lat' dir='ltr'>vel</span> <span class='ocrx_word' id='word_1_206' title='bbox 991 3260 1139 3336; x_wconf 80' lang='lat' dir='ltr'>animum,</span> <span class='ocrx_word' id='word_1_207' title='bbox 1164 3261 1214 3318; x_wconf 87' lang='lat' dir='ltr'>vel</span> <span class='ocrx_word' id='word_1_208' title='bbox 1227 3279 1355 3335; x_wconf 87' lang='lat' dir='ltr'>morem,</span> 
     </span>
     <span class='ocr_line' id='line_1_30' title="bbox 330 3334 1352 3423; baseline 0.004 -26"><span class='ocrx_word' id='word_1_209' title='bbox 330 3344 379 3402; x_wconf 85' lang='lat' dir='ltr'>vei</span> <span class='ocrx_word' id='word_1_210' title='bbox 397 3334 572 3419; x_wconf 78' lang='lat' dir='ltr'>institutam.</span> <span class='ocrx_word' id='word_1_211' title='bbox 625 3354 675 3420; x_wconf 83' lang='lat'>37.</span> <span class='ocrx_word' id='word_1_212' title='bbox 701 3338 807 3401; x_wconf 80' lang='lat' dir='ltr'>Parus</span> <span class='ocrx_word' id='word_1_213' title='bbox 836 3355 966 3402; x_wconf 77' lang='lat' dir='ltr'>nuotre</span> <span class='ocrx_word' id='word_1_214' title='bbox 987 3341 1137 3423; x_wconf 73' lang='lat' dir='ltr'>neuere]</span> <span class='ocrx_word' id='word_1_215' title='bbox 1171 3337 1259 3401; x_wconf 89' lang='lat' dir='ltr'>Mira</span> <span class='ocrx_word' id='word_1_216' title='bbox 1279 3337 1352 3402; x_wconf 82' lang='lat' dir='ltr'>inst-</span> 
     </span>
     <span class='ocr_line' id='line_1_31' title="bbox 328 3421 1353 3510; baseline 0 -27"><span class='ocrx_word' id='word_1_217' title='bbox 328 3422 481 3483; x_wconf 85' lang='lat' dir='ltr'>nuatione</span> <span class='ocrx_word' id='word_1_218' title='bbox 499 3422 581 3510; x_wconf 79' lang='lat' dir='ltr'>agit:</span> <span class='ocrx_word' id='word_1_219' title='bbox 611 3421 664 3499; x_wconf 92' lang='lat' dir='ltr'>qui</span> <span class='ocrx_word' id='word_1_220' title='bbox 682 3440 748 3483; x_wconf 91' lang='lat' dir='ltr'>non</span> <span class='ocrx_word' id='word_1_221' title='bbox 769 3437 802 3483; x_wconf 91' lang='lat' dir='ltr'>nt</span> <span class='ocrx_word' id='word_1_222' title='bbox 818 3422 1014 3485; x_wconf 84' lang='lat' dir='ltr'>consentiant</span> <span class='ocrx_word' id='word_1_223' title='bbox 1035 3470 1044 3500; x_wconf 86' lang='lat'>,</span> <span class='ocrx_word' id='word_1_224' title='bbox 1078 3422 1129 3484; x_wconf 90' lang='lat' dir='ltr'>sed</span> <span class='ocrx_word' id='word_1_225' title='bbox 1147 3435 1181 3483; x_wconf 90' lang='lat' dir='ltr'>ut</span> <span class='ocrx_word' id='word_1_226' title='bbox 1197 3421 1325 3485; x_wconf 86' lang='lat' dir='ltr'>audiant</span> <span class='ocrx_word' id='word_1_227' title='bbox 1343 3469 1353 3503; x_wconf 86' lang='lat'><strong>,</strong></span> 
     </span>
    </p>
   </div>
   <div class='ocr_carea' id='block_1_9' title="bbox 224 3499 1354 3588">
    <p class='ocr_par' dir='ltr' id='par_1_10' title="bbox 224 3499 1354 3588">
     <span class='ocr_line' id='line_1_32' title="bbox 224 3499 1354 3588; baseline -0.004 -21"><span class='ocrx_word' id='word_1_228' title='bbox 224 3563 225 3567; x_wconf 75' lang='grc'>,</span> <span class='ocrx_word' id='word_1_229' title='bbox 327 3503 433 3584; x_wconf 85' lang='lat' dir='ltr'>paucis</span> <span class='ocrx_word' id='word_1_230' title='bbox 454 3519 537 3583; x_wconf 86' lang='lat' dir='ltr'>pent.</span> <span class='ocrx_word' id='word_1_231' title='bbox 588 3499 630 3564; x_wconf 86' lang='lat' dir='ltr'>Et</span> <span class='ocrx_word' id='word_1_232' title='bbox 646 3503 723 3564; x_wconf 87' lang='lat' dir='ltr'>bene</span> <span class='ocrx_word' id='word_1_233' title='bbox 741 3503 862 3583; x_wconf 79' lang='lat' dir='ltr'>Purus,</span> <span class='ocrx_word' id='word_1_234' title='bbox 884 3503 967 3588; x_wconf 85' lang='lat' dir='ltr'>quast</span> <span class='ocrx_word' id='word_1_235' title='bbox 989 3523 1055 3571; x_wconf 89' lang='lat' dir='ltr'>non</span> <span class='ocrx_word' id='word_1_236' title='bbox 1073 3505 1190 3584; x_wconf 62' lang='lat' dir='ltr'>obstet5</span> <span class='ocrx_word' id='word_1_237' title='bbox 1212 3522 1279 3587; x_wconf 88' lang='lat' dir='ltr'>quo</span> <span class='ocrx_word' id='word_1_238' title='bbox 1294 3502 1354 3566; x_wconf 89' lang='lat' dir='ltr'>mi-</span> 
     </span>
    </p>
   </div>
   <div class='ocr_carea' id='block_1_10' title="bbox 325 3583 1399 4229">
    <p class='ocr_par' dir='ltr' id='par_1_11' title="bbox 325 3583 1399 4229">
     <span class='ocr_line' id='line_1_33' title="bbox 328 3583 1349 3667; baseline -0.003 -17"><span class='ocrx_word' id='word_1_239' title='bbox 328 3604 389 3650; x_wconf 89' lang='lat' dir='ltr'>nus</span> <span class='ocrx_word' id='word_1_240' title='bbox 407 3583 521 3650; x_wconf 85' lang='lat' dir='ltr'>faciant</span> <span class='ocrx_word' id='word_1_241' title='bbox 537 3585 623 3665; x_wconf 90' lang='lat' dir='ltr'>quod</span> <span class='ocrx_word' id='word_1_242' title='bbox 641 3587 749 3654; x_wconf 80' lang='lat' dir='ltr'>veiint.</span> <span class='ocrx_word' id='word_1_243' title='bbox 792 3583 880 3647; x_wconf 87' lang='lat' dir='ltr'>Tum</span> <span class='ocrx_word' id='word_1_244' title='bbox 899 3587 1008 3649; x_wconf 89' lang='lat' dir='ltr'>deinde</span> <span class='ocrx_word' id='word_1_245' title='bbox 1018 3605 1083 3667; x_wconf 89' lang='lat' dir='ltr'>quo</span> <span class='ocrx_word' id='word_1_246' title='bbox 1095 3587 1276 3648; x_wconf 88' lang='lat' dir='ltr'>attentiores</span> <span class='ocrx_word' id='word_1_247' title='bbox 1287 3588 1349 3648; x_wconf 82' lang='lat' dir='ltr'>eri·</span> 
     </span>
     <span class='ocr_line' id='line_1_34' title="bbox 328 3665 1349 3748; baseline -0.001 -17"><span class='ocrx_word' id='word_1_248' title='bbox 328 3667 424 3748; x_wconf 77' lang='lat' dir='ltr'>siaiu,</span> <span class='ocrx_word' id='word_1_249' title='bbox 448 3668 563 3730; x_wconf 85' lang='lat' dir='ltr'>addidit</span> <span class='ocrx_word' id='word_1_250' title='bbox 587 3682 716 3731; x_wconf 79' lang='lat' dir='ltr'>eaucu.</span> <span class='ocrx_word' id='word_1_251' title='bbox 767 3665 910 3745; x_wconf 84' lang='lat' dir='ltr'>Deinde,</span> <span class='ocrx_word' id='word_1_252' title='bbox 938 3684 967 3729; x_wconf 89' lang='lat' dir='ltr'>s1</span> <span class='ocrx_word' id='word_1_253' title='bbox 988 3683 1189 3732; x_wconf 80' lang='lat' dir='ltr'>renouatur.</span> <span class='ocrx_word' id='word_1_254' title='bbox 1222 3667 1349 3732; x_wconf 75' lang='lat' dir='ltr'>facilius</span> 
     </span>
     <span class='ocr_line' id='line_1_35' title="bbox 328 3748 1348 3834; baseline -0.001 -23"><span class='ocrx_word' id='word_1_255' title='bbox 328 3753 414 3813; x_wconf 89' lang='lat' dir='ltr'>enim</span> <span class='ocrx_word' id='word_1_256' title='bbox 435 3748 597 3828; x_wconf 70' lang='lat' dir='ltr'>deditur,</span> <span class='ocrx_word' id='word_1_257' title='bbox 628 3768 701 3831; x_wconf 85' lang='lat' dir='ltr'>cum</span> <span class='ocrx_word' id='word_1_258' title='bbox 719 3768 784 3832; x_wconf 90' lang='lat' dir='ltr'>quo</span> <span class='ocrx_word' id='word_1_259' title='bbox 808 3769 872 3812; x_wconf 90' lang='lat' dir='ltr'>non</span> <span class='ocrx_word' id='word_1_260' title='bbox 892 3771 1087 3834; x_wconf 80' lang='lat' dir='ltr'>pugnamus,</span> <span class='ocrx_word' id='word_1_261' title='bbox 1109 3768 1143 3814; x_wconf 89' lang='lat' dir='ltr'>ut</span> <span class='ocrx_word' id='word_1_262' title='bbox 1161 3750 1348 3814; x_wconf 87' lang='lat' dir='ltr'>consentiat.</span> 
     </span>
     <span class='ocr_line' id='line_1_36' title="bbox 328 3831 1355 3915; baseline -0.002 -19"><span class='ocrx_word' id='word_1_263' title='bbox 328 3834 431 3896; x_wconf 81' lang='lat' dir='ltr'>Purus</span> <span class='ocrx_word' id='word_1_264' title='bbox 454 3833 612 3915; x_wconf 71' lang='lat' dir='ltr'>numen]</span> <span class='ocrx_word' id='word_1_265' title='bbox 644 3832 806 3895; x_wconf 86' lang='lat' dir='ltr'>Fiduciam</span> <span class='ocrx_word' id='word_1_266' title='bbox 828 3831 960 3897; x_wconf 77' lang='lat' dir='ltr'>ostentat</span> <span class='ocrx_word' id='word_1_267' title='bbox 979 3832 1202 3914; x_wconf 86' lang='lat' dir='ltr'>persuasoriam</span> <span class='ocrx_word' id='word_1_268' title='bbox 1224 3853 1291 3896; x_wconf 85' lang='lat' dir='ltr'>rem</span> <span class='ocrx_word' id='word_1_269' title='bbox 1309 3831 1355 3894; x_wconf 92' lang='lat' dir='ltr'>di·</span> 
     </span>
     <span class='ocr_line' id='line_1_37' title="bbox 328 3913 1350 3999; baseline 0 -21"><span class='ocrx_word' id='word_1_270' title='bbox 328 3914 417 3979; x_wconf 75' lang='lat' dir='ltr'>duri.</span> <span class='ocrx_word' id='word_1_271' title='bbox 476 3914 526 3998; x_wconf 87' lang='lat'>38.</span> <span class='ocrx_word' id='word_1_272' title='bbox 554 3914 770 3999; x_wconf 63' lang='lat' dir='ltr'>nutrimur]</span> <span class='ocrx_word' id='word_1_273' title='bbox 794 3913 896 3977; x_wconf 84' lang='lat' dir='ltr'>Beue:</span> <span class='ocrx_word' id='word_1_274' title='bbox 924 3936 990 3980; x_wconf 89' lang='lat' dir='ltr'>non</span> <span class='ocrx_word' id='word_1_275' title='bbox 1006 3914 1176 3986; x_wconf 84' lang='lat' dir='ltr'>Faciamus,</span> <span class='ocrx_word' id='word_1_276' title='bbox 1198 3913 1251 3978; x_wconf 90' lang='lat' dir='ltr'>sed</span> <span class='ocrx_word' id='word_1_277' title='bbox 1280 3916 1350 3979; x_wconf 82' lang='lat' dir='ltr'>Au·</span> 
     </span>
     <span class='ocr_line' id='line_1_38' title="bbox 327 3996 1350 4078; baseline 0.003 -20"><span class='ocrx_word' id='word_1_278' title='bbox 327 4014 461 4060; x_wconf 73' lang='lat' dir='ltr'>uranus</span> <span class='ocrx_word' id='word_1_279' title='bbox 473 3997 567 4061; x_wconf 81' lang='lat' dir='ltr'>dixit:</span> <span class='ocrx_word' id='word_1_280' title='bbox 591 4017 665 4061; x_wconf 87' lang='lat' dir='ltr'>nam</span> <span class='ocrx_word' id='word_1_281' title='bbox 677 3996 914 4078; x_wconf 79' lang='lat' dir='ltr'>primaomtotis</span> <span class='ocrx_word' id='word_1_282' title='bbox 932 3998 1108 4077; x_wconf 83' lang='lat' dir='ltr'>impetratio</span> <span class='ocrx_word' id='word_1_283' title='bbox 1127 4001 1158 4062; x_wconf 90' lang='lat' dir='ltr'>in</span> <span class='ocrx_word' id='word_1_284' title='bbox 1178 4004 1350 4061; x_wconf 87' lang='lat' dir='ltr'>malacau·</span> 
     </span>
     <span class='ocr_line' id='line_1_39' title="bbox 325 4077 1399 4229; baseline -0.003 -85"><span class='ocrx_word' id='word_1_285' title='bbox 325 4080 358 4144; x_wconf 84' lang='lat' dir='ltr'>sa</span> <span class='ocrx_word' id='word_1_286' title='bbox 376 4081 436 4162; x_wconf 82' lang='lat' dir='ltr'>eti,</span> <span class='ocrx_word' id='word_1_287' title='bbox 458 4082 556 4145; x_wconf 84' lang='lat' dir='ltr'>audiri</span> <span class='ocrx_word' id='word_1_288' title='bbox 572 4079 725 4146; x_wconf 74' lang='lat' dir='ltr'>meruisse.</span> <span class='ocrx_word' id='word_1_289' title='bbox 781 4077 839 4153; x_wconf 91' lang='lat' dir='ltr'>Tu</span> <span class='ocrx_word' id='word_1_290' title='bbox 861 4096 1024 4145; x_wconf 77' lang='lat' dir='ltr'>coucnue</span> <span class='ocrx_word' id='word_1_291' title='bbox 1048 4096 1203 4146; x_wconf 75' lang='lat' dir='ltr'>raueeuu</span> <span class='ocrx_word' id='word_1_292' title='bbox 1227 4096 1350 4229; x_wconf 65' lang='lat' dir='ltr'>rTsruc‚</span> <span class='ocrx_word' id='word_1_293' title='bbox 1397 4094 1399 4099; x_wconf 90' lang='lat'>·</span> 
     </span>
    </p>

    <p class='ocr_par' dir='ltr' id='par_1_12' title="bbox 688 4179 1351 4229">
     <span class='ocr_line' id='line_1_40' title="bbox 688 4179 1351 4229; baseline -0.005 0"><span class='ocrx_word' id='word_1_294' title='bbox 688 4197 693 4208; x_wconf 77' lang='lat'>=</span> <span class='ocrx_word' id='word_1_295' title='bbox 1262 4179 1351 4229; x_wconf 79' lang='lat' dir='ltr'>una·</span> 
     </span>
    </p>
   </div>
   <div class='ocr_carea' id='block_1_11' title="bbox 0 0 1706 5142">
    <p class='ocr_par' dir='ltr' id='par_1_13' title="bbox 0 0 1706 5142">
     <span class='ocr_line' id='line_1_41' title="bbox 0 0 1706 5142; baseline 0 0"><span class='ocrx_word' id='word_1_296' title='bbox 0 0 1706 5142; x_wconf 95' lang='lat' dir='ltr'> </span> 
     </span>
    </p>
   </div>
  </div>
 </body>
</html>
