3392 5142
318 659 321 665 ·
448 628 675 701 Aenus
727 626 811 699 ΙΙΙ.
862 628 1086 703 Senon
1138 610 1193 705 Π.
1295 633 1372 737 4'37

321 736 422 825 Thr.
450 743 591 839 Jamne
609 743 733 823 imus?
761 736 833 823 Th.
853 744 948 825 Hos
964 748 1071 857 prius
1087 744 1363 845 introducam,

468 874 509 935 et
523 879 625 962 quae
642 852 763 948 volo,

327 964 455 1051 Simul
470 962 693 1079 imperabo:
778 966 1021 1052 stcontinuo
1037 994 1149 1051 exeo·
1306 998 1365 1075 40

328 1074 428 1166 Thr.
461 1084 549 1189 Ego
577 1077 673 1161 hinc
701 1106 724 1159 a
752 1106 833 1175 eo,
865 1103 911 1162 tu
931 1080 1041 1165 istam
1067 1088 1255 1195 opperire.
1286 1084 1368 1167 Pa.

467 1190 590 1274 Haud
604 1199 817 1287 convenit,

328 1306 495 1387 Unaire
511 1332 603 1387 cum
618 1312 747 1389 amica
761 1312 1040 1419 imperatorem
1054 1316 1097 1391 in
1111 1312 1187 1391 via.
1270 1350 1274 1357 ·

328 1413 431 1501 Thr.
460 1416 574 1611 (lQuid
590 1417 665 1502 tibi
679 1432 754 1531 ego
771 1418 898 1503 multa
911 1420 1067 1507 dicam?
1096 1419 1250 1503 domini
1267 1414 1370 1613 sigri-

486 1558 519 1613 ts
545 1556 599 1615 es.
1332 1556 1375 1613 n.

324 1714 327 1719 .
596 1638 631 1705 D
675 1638 708 1705 O
751 1641 791 1707 N
834 1644 867 1710 A
908 1644 943 1711 T
987 1644 1025 1711 U
1068 1646 1100 1710 S.
1177 1700 1182 1711 ,

327 1724 413 1810 ΜΛ]
445 1724 522 1789 Hoc
539 1725 686 1811 intelligit
701 1744 769 1791 non
786 1747 824 1792 ex
841 1728 945 1813 foco,
968 1730 1020 1795 sed
1036 1746 1073 1793 er
1090 1728 1197 1795 medio
1211 1728 1296 1815 igni,
1319 1730 1373 1791 vel

329 1806 482 1893 incendio
500 1808 656 1871 flammae.
700 1804 792 1875 Nam
818 1814 987 1899 antiquum
1011 1815 1143 1877 verbum
1158 1810 1228 1889 est,
1258 1810 1374 1875 Petere

328 1892 429 1955 cibum
443 1914 459 1952 e
468 1891 607 1971 flamma.
639 1891 829 1980 mordetque
846 1910 1021 1981 utrumque
1040 1896 1160 1963 fimul:
1192 1908 1228 1958 ut
1249 1891 1372 1958 nescias

330 1992 434 2062 quem
450 1972 541 2055 pejus
556 1972 797 2060 vituperaverit,
820 1980 956 2045 hu'nsne
973 1978 1114 2061 samem,
1146 1998 1187 2043 an
1206 1978 1291 2043 illius
1312 1977 1375 2041 im-

330 2053 540 2137 manitatem,
562 2061 613 2121 vel
629 2076 707 2143 vore
728 2058 825 2126 inem.
859 2000 902 2129 iit
917 2064 1010 2129 fimul
1026 2062 1098 2127 vide
1114 2060 1377 2125 conviciumred·

334 2137 444 2202 ditum
462 2186 473 2219 ,
505 2138 590 2204 unde
605 2075 733 2223 conjed

335 2218 464 2308 gestate.

381 2320 432 2388 39·
458 2303 577 2383 iturea
608 2309 746 2457 musid]
775 2310 901 2377 Odium
927 2310 1164 2393 Parmenonis,
1197 2321 1229 2373 et
1260 2306 1376 2373 stoma·

337 2386 439 2452 chum
462 2386 571 2535 ιηᾶἰίῑίε
597 2390 652 2455 isia
678 2395 709 2458 in
732 2410 794 2463 teat
818 2396 986 2462 festinatio.
1038 2390 1080 2459 Et
1104 2392 1180 2473 Jnra
1200 2390 1376 2473 increpatio

340 2486 488 2534 moraee
516 2518 524 2533 .

379 2572 434 2637 40.
457 2552 548 2619 Posr
570 2572 642 2621 nuc
665 2562 984 2647 commonitio]
1017 2560 1150 2647 Legitur
1175 2572 1206 2623 et
1232 2572 1376 2636 roam,

338 2646 376 2783 R&
399 2638 435 2702 fit
456 2652 539 2801 PosstT
559 2658 618 2720 pto
640 2645 748 2729 postea.
774 2652 1014 2711 anonumum
1037 2644 1205 2727 quomodo
1237 2661 1297 2724 pro
1313 2660 1374 2723 po·

366 2738 458 2786 remo
494 2746 543 2785 o.

376 2821 431 2884 41.
485 2820 533 2867 co
556 2818 645 2867 runc
669 2824 787 2892 natm]
813 2807 1026 2896 Consequens
1046 2826 1123 2881 erat,
1139 2822 1175 2874 ut
1193 2806 1372 2874 offendere·

337 2894 391 2949 tur
409 2890 539 2979 miles,
569 2899 635 2952 tam
659 2891 834 2980 diligenter
844 2894 950 2959 rivalis
967 2914 1085 2960 munus
1103 2894 1288 2977 suscipiente
1310 2910 1379 2955 me·

343 2983 467 3033 retnce.

379 3053 533 3135 42.Urtn
557 3066 1124 3125 1nacuarnmcn1nrnnnronnm
1148 3074 1183 3123 m
1209 3069 1295 3136 vm]
1322 3056 1379 3119 Vi-

340 3126 382 3195 de
409 3138 628 3211 reinmarum
657 3140 784 3208 suturae
810 3142 872 3209 litis
898 3146 978 3209 inter
1007 3145 1162 3209 Thaidem
1180 3158 1211 3207 et
1228 3144 1376 3207 militem.

382 3216 467 3283 CUM
485 3232 633 3301 amem]
666 3223 810 3291 Mirifice
832 3230 959 3293 amicam
976 3228 1073 3299 dixit,
1096 3244 1163 3291 non
1181 3226 1376 3291 meretricem.

344 3309 348 3316 '
384 3298 642 3377 Iurene-runnu
672 3324 709 3373 m
737 3320 826 3389 vm]
862 3308 1018 3397 Congrue
1040 3311 1073 3375 in
1096 3310 1261 3375 militem:
1293 3303 1380 3387 quati

342 3382 408 3465 fise
425 3394 479 3475 stt,
502 3396 559 3461 sub
574 3414 640 3479 quo
659 3394 712 3458 est.
756 3390 800 3457 Et
819 3395 869 3458 hic
886 3393 986 3458 servat
1005 3394 1161 3461 Parmeno
1180 3442 1190 3475 ,
1220 3390 1308 3477 quod
1328 3386 1392 3449 tibi·

343 3476 536 3544 mandatum
549 3479 612 3549 est,
633 3476 677 3541 Et
695 3478 782 3557 istum
800 3477 969 3558 aemulum,
992 3478 1068 3569 quod
1078 3478 1207 3565 poteris,
1228 3476 1263 3539 ab
1281 3497 1315 3535 ea
1319 3468 1381 3567 ξεῖ·

342 3552 406 3615 liro.
452 3557 503 3635 Et
516 3567 594 3627 bene
614 3574 717 3625 mutat
733 3559 897 3640 nomina,
928 3562 1001 3625 hinc
1025 3562 1063 3625 ad
1087 3562 1272 3623 honorem,
1308 3558 1385 3649 inne

344 3634 384 3699 ad
400 3637 559 3708 invidiam.
606 3644 722 3724 Hunc,
745 3662 813 3707 non
830 3644 1043 3727 meretricem,
1073 3639 1125 3705 sed
1143 3642 1269 3705 amicam
1287 3634 1379 3698 dixit:

344 3720 454 3809 hunc,
485 3746 552 3791 non
569 3728 714 3809 militem,
736 3724 789 3789 sed
804 3728 1018 3815 imperatorem.
1261 3801 1264 3809 Ι
1359 3797 1366 3808 ,

385 3823 439 3891 43.
468 3808 748 3891 Qurnrnnnco
769 3808 1071 3891 nutrierunt]
1110 3802 1194 3871 Non
1315 3803 1385 3863 reir-

533 3963 1178 4063 COMMEN‘LA'nt'us
1341 3882 1385 3946 ”d

347 4056 576 4210 adduxii?
593 4072 740 4202 “mi
755 4064 779 4133 ι1
801 4060 951 4121 Petronia·
965 4066 1057 4192 ¹frua.
1072 4058 1117 4133 58.
1141 4059 1164 4108 er

736 2162 792 2209 um
807 2143 870 2214 est:
901 2144 1012 2228 idest,
1044 2146 1084 2211 de
1102 2158 1282 2227 paupertate
1298 2156 1329 2205 et
1346 2161 1379 2205 e·

747 4235 755 4254 -
819 4209 838 4262 1²
861 4226 871 4239 ⁴
896 4227 906 4244 ’ν
1331 4220 1380 4261 ¹un
