3392 5142
356 601 429 678 692
552 583 1182 659 Hnnuronurmo'nuuauo's.

361 699 413 769 cl.
439 695 595 767 Deorum
612 694 720 766 vitam
743 697 817 789 apti
837 694 961 769 sumus.
987 695 1042 786 Sy.
1066 690 1204 767 Frustra
1227 703 1405 788 operam,

508 791 653 887 opinor,
678 788 787 865 sumo.
1155 852 1165 871 Ι
1223 810 1227 819 ’
1363 805 1410 879 15

365 886 417 958 Cl.
441 884 624 985 Loquere3
653 884 767 958 audio.
809 887 864 976 Sy.
889 885 939 957 At
951 887 1024 978 jam
1045 884 1114 956 hoc
1138 906 1210 955 non
1226 904 1324 979 ages.
1352 883 1408 954 Cb.

509 984 636 1076 Agam.
664 984 717 1071 Sy.
745 980 944 1054 Videndum
962 981 1031 1072 est,
1057 982 1218 1077 inquam,

367 1076 488 1152 Amici
528 1099 644 1175 uoque
659 1101 731 1170 res,
756 1075 892 1170 Clinia,
918 1077 970 1147 tui
986 1077 1021 1146 in
1031 1093 1160 1146 tutout
1179 1073 1406 1146 collocetur:

368 1172 467 1247 Nam
495 1101 527 1243 li
545 1195 672 1244 nuncu
690 1172 790 1243 nobis
807 1171 901 1265 abis,
924 1189 961 1243 et
984 1168 1195 1243 Bacchidem
1222 1170 1283 1242 hic
1301 1167 1409 1239 relin-

541 1291 591 1338 urs

371 1363 486 1437 Senex
500 1291 653 1434 rdscisc’et
671 1363 774 1456 ilico,
798 1363 865 1435 elle
881 1363 1026 1434 amicam
1053 1361 1142 1432 hanc
1167 1359 1409 1457 Clitiphonis:

371 1457 411 1530 st
425 1457 624 1555 abduxeris,
640 1459 808 1531 celabitur
816 1459 958 1552 itidem,
975 1477 1015 1530 ut
1023 1457 1133 1529 celata
1145 1456 1260 1532 adhuc
1269 1455 1333 1528 est.
1360 1479 1408 1527 zo

370 1558 422 1628 CI.
447 1556 498 1626 At
514 1555 607 1625 enim
625 1554 710 1625 istoc
726 1554 812 1627 nihil
828 1555 877 1627 est
896 1556 1026 1653 magis,
1051 1554 1156 1647 Syre,
1181 1552 1265 1625 meis
1273 1552 1411 1647 nuptiis

516 1647 715 1720 advorsum:
1159 1690 1162 1695 -

288 1810 291 1817 .
372 1743 473 1820 Nam
490 1765 560 1910 qpp
577 1745 843 1935 οέἰαιὲρςῃξῑ)οΙ
856 1743 1011 1843 patrem?
1034 1763 1148 1836 tenes,
1174 1740 1411 1843 quiddicamd

536 1863 570 1929 y.
639 1864 672 1911 ur
715 1864 765 1911 nt.
929 1856 931 1863 '
1263 1921 1267 1927 ¹
1361 1916 1366 1924 ,

605 1928 1191 2003 CALPHURNlUS.

376 2018 496 2081 ilonem
513 2010 624 2078 afferre
640 2017 816 2080 credantur.
859 2020 880 2058 *
908 2039 956 2098 15.
984 2019 1291 2108 mortuarium]
1316 2017 1412 2096 Qrae

377 2099 512 2164 laetitiae
528 2103 623 2179 plena
639 2099 681 2163 est
699 2113 730 2161 et
747 2100 926 2181 felicitatis,
950 2107 1040 2168 nulla
1058 2100 1198 2164 admixta
1213 2096 1342 2163 tristitia.
1368 2095 1412 2162 Et

304 2260 308 2267 ι
377 2182 600 2263 hyperbolicas
617 2179 721 2246 sermo
733 2184 773 2246 ab
786 2183 954 2249 affetiione
968 2184 1155 2266 procedens.
1198 2181 1218 2224 ⁴
1243 2181 1268 2246 F
1273 2197 1407 2244 nutrita

376 2279 536 2333 ortuum,
567 2278 713 2345 ortator,
738 2270 871 2352 suno]
903 2268 1004 2350 Quod
1031 2273 1129 2351 vulgo
1154 2266 1302 2334 dicitur,
1332 2265 1412 2351 capio

368 2363 516 2433 poenam,
539 2366 615 2410 cutn
633 2361 740 2412 tamen
759 2367 864 2428 poena
876 2349 1029 2414 duntaxat
1044 2349 1166 2413 dicatur
1175 2349 1215 2411 de
1230 2347 1408 2430 punitione.

324 2474 327 2481 ,
354 2483 358 2492 ,
378 2430 487 2507 Nam,
512 2429 831 2512 utvultPriscianus,
854 2448 997 2518 apoena,
1019 2429 1409 2514 oediphthongoinumu·

377 2525 459 2590 tata,
480 2509 647 2574 deducitur
657 2515 776 2598 puni03
799 2531 829 2578 et
851 2516 922 2578 ideo
948 2535 1013 2579 non
1033 2515 1075 2579 eli
1099 2515 1298 2591 dicendum,
1314 2509 1407 2590 sumfi

375 2615 512 2675 magnam
524 2612 647 2681 poenam
661 2613 714 2681 pro
731 2618 778 2676 te,
800 2596 853 2662 sed
870 2595 1128 2681 potiustuacaesa
1147 2595 1252 2660 multos
1272 2594 1332 2678 cepi
1349 2591 1404 2654 seu

368 2675 460 2757 sumfi
475 2675 601 2743 labores,
623 2697 704 2756 aut,
721 2676 886 2763 plurimum
909 2697 963 2745 tua
989 2690 1072 2763 caula
1091 2679 1231 2742 laboravi.
1276 2678 1404 2739 OPERA

377 2771 486 2821 autem
502 2748 614 2820 dicitur
632 2759 770 2845 operatio,
791 2762 889 2832 labor,
912 2764 1065 2844 industria.
1109 2761 1184 2823 ldeo
1197 2757 1409 2842 steintellige,

267 2870 272 2883 ι
375 2839 495 2933 Frrssra
513 2840 640 2902 laborabo
648 2844 809 2921 sermonem
827 2847 908 2931 apud
920 2863 949 2907 te
958 2845 1080 2924 facere,
1101 2865 1168 2907 cum
1186 2859 1220 2904 tu
1232 2841 1344 2923 gaudio
1360 2842 1411 2904 de-

368 2919 715 3007 fiptemauresmibinon
725 2930 857 3008 praebes.
904 2929 953 2990 16.
978 2928 1059 2989 Hoc
1079 2939 1149 2989 NON
1166 2934 1281 3003 Acen]
1309 2921 1344 2984 ld
1355 2922 1409 3000 est,

377 3005 487 3068 audies.
533 3003 569 3066 ltt
588 3005 690 3069 Andr.
712 3011 835 3071 Haecine
851 3010 933 3092 agis?
995 3009 1162 3088 lobium]
1195 3008 1337 3069 Verbum
1352 3007 1414 3067 hoc

380 3087 447 3151 vim
470 3087 629 3152 interdum
660 3090 833 3153 maximam
856 3095 944 3154 habet
970 3092 1009 3154 ad
1034 3090 1298 3155 adhortationem.
1347 3085 1415 3156 Et,

314 3197 322 3206 -
380 3169 575 3231 vrornnun
602 3186 679 3240 est,
703 3188 733 3234 et
754 3189 864 3242 mun,
894 3194 1008 3258 magna
1039 3170 1220 3258 aggreffuris
1249 3171 1413 3234 dicuntur.

382 3245 424 3311 Et
443 3263 580 3328 1NQunn
606 3255 723 3316 utimur
751 3274 985 3340 nonnunquam
1009 3257 1041 3321 in
1068 3256 1253 3336 repetitione
1277 3249 1417 3333 supradi-

381 3329 518 3395 &otum
588 3351 635 3412 ¹9·
662 3333 841 3422 Nomen]
869 3339 956 3402 Cum
974 3338 1147 3402 stomacho
1212 3354 1263 3399 20.
1290 3334 1329 3399 St
1359 3351 1416 3396 nu·

382 3427 556 3496 nummu]
576 3414 682 3487 ,Reue
701 3437 910 3485 annuimus:
935 3441 1009 3484 uam
1019 3421 1172 3485 abducitur
1189 3417 1414 3500 propriequod

381 3498 532 3561 alienum.
576 3517 633 3568 aa·
650 3503 732 3577 Quo
755 3517 859 3585 oua]
884 3504 937 3566 Sic
965 3504 1098 3567 dicimus
1109 3550 1124 3588 ,Α
1142 3500 1271 3586 quando
1290 3499 1411 3579 aliquid

535 3596 1258 3673 COMMENTARIUS.

421 3707 463 3763 15.
483 3693 618 3749 Dnouuru
639 3711 739 3751 viram
760 3711 832 3753 nun
855 3703 974 3756 sunuel
1002 3693 1141 3773 Expreffio
1158 3691 1282 3751 summae
1296 3688 1416 3752 felicita·

318 3812 324 3825 .
380 3763 432 3831 tis;
448 3766 535 3845 qualis
546 3767 615 3825 llud.
628 3771 660 3827 V.
672 3788 695 3844 ς.
706 3788 734 3840 4.
772 3771 912 3847 Virgilius,
924 3771 978 3828 Ecl.
991 3773 1038 3829 lV.
1054 3790 1096 3844 15.
1118 3767 1264 3825 lbleDebm
1273 3768 1417 3826 vitmac-

380 3841 460 3913 eipiet.
483 3843 526 3899 Est
542 3862 634 3900 autem
652 3853 723 3903 nuri
746 3845 779 3903 ab
802 3846 927 3922 Apiscor,
950 3848 991 3903 uti
1006 3864 1119 3905 annun
1128 3846 1163 3902 ab
1172 3845 1323 3922 Adipifcor.
1363 3847 1417 3904 Ln—

380 3916 480 3985 cilius,
500 3918 574 3997 apud
591 3922 665 3977 Non.
681 3943 706 3979 v.
720 3922 826 3998 Apisci:

536 3997 762 4070 Utegoeffatiam,
782 3999 849 4074 qarob
858 4017 899 4073 ego
917 4012 942 4054 te
952 3999 980 4055 in
987 4000 1078 4077 primis
1094 4007 1181 4072 cupere
1191 3995 1274 4074 apisci
1290 3994 1379 4055 intelli
1393 4015 1415 4056 o.

417 4082 464 4124 2²·
482 4069 557 4137 'Quo
577 4082 661 4142 onai
680 4079 715 4135 H.
736 4095 760 4134 e.
781 4079 847 4150 Qra
865 4073 985 4146 fronte,
1015 4077 1079 4144 seu,
1101 4093 1158 4152 quo
1178 4071 1299 4151 pudore.
1337 4014 1417 4134 sciit.

1374 4160 1416 4207 “i
