3392 5142
432 602 657 681 Areus
707 591 792 679 Ill.
842 609 1070 681 sceui
1120 596 1177 681 1'1.
1257 622 1330 713 43?

292 714 500 813 Ostentare
531 754 663 837 neque
680 723 754 809 tibi
771 723 922 823 obstat,
955 728 1064 836 quod
1092 728 1252 837 quidam
1273 734 1330 812 fa-

433 862 510 921 clt:
1300 870 1327 923 0

292 930 444 1037 ¹Vettttrr
460 952 527 1039 ubi
544 951 753 1036 molestum
765 981 850 1035 non
866 960 961 1048 erit,
992 953 1060 1039 ubi
1076 976 1121 1037 tu
1134 872 1291 1051 voles,3

291 1062 375 1149 Ubi
391 1088 546 1179 tempus
562 1064 745 1161 obierit,
762 1066 818 1149 sat
833 1064 973 1161 habet,
993 1060 1118 1149 situm
1131 1076 1328 1181 recipitur.

291 1170 391 1264 Thr.
422 1176 961 1296 Apparetservumhunceise
978 1178 1132 1263 domini
1151 1190 1333 1315 pauperis

558 1360 1068 1473 ooNATus
1198 1298 1327 1387 'm

289 1528 362 1587 tum
389 1540 523 1613 excepto
544 1526 691 1591 nomine.
757 1526 884 1607 NaQra
921 1534 1163 1604 cch'rRsCES.]
1205 1521 1330 1621 insigne

287 1600 458 1675 foeditatis.
504 1607 597 1673 Nam
623 1606 707 1689 apud
730 1610 931 1673 meretricem
957 1606 1032 1688 quid
1056 1606 1140 1670 aliud
1165 1607 1328 1670 cicatrices

289 1693 429 1756 valent?
473 1690 565 1756 Nam
582 1691 743 1756 cicatrices
767 1692 820 1755 etsi
835 1691 956 1772 semper
972 1690 1130 1775 gloriosae
1148 1688 1226 1759 sant,
1259 1708 1330 1753 non

286 1780 397 1837 tamen
413 1778 510 1846 etiam
527 1773 610 1857 apud
626 1776 829 1846 meretrices,
851 1776 963 1856 quibus
980 1774 1048 1855 post
1066 1775 1202 1855 pretium
1219 1773 1327 1837 forma

285 1859 403 1935 placet.
451 1859 502 1923 Ut
521 1858 672 1940 Sallustius
689 1878 819 1943 quoque
836 1860 979 1935 fatetur,
1012 1858 1095 1921 Haec
1113 1861 1187 1941 suns
1202 1859 1328 1922 vinetis

283 1934 437 2085 {efigniat
467 1941 713 2023 dehonestamento
736 1960 835 2007 tamen
849 1942 904 2027 effe
922 1944 1056 2028 corpori,
1087 1942 1219 2005 maxime
1235 1940 1327 2005 laeta·

301 2038 385 2086 atur.

286 2180 289 2187 Ι
332 2122 386 2187 30.
409 2103 538 2187 Naoura
565 2120 635 2171 r1r1
656 2116 818 2191 orsum]
851 2104 916 2189 Qri
934 2129 952 2171 a
968 2122 999 2172 te
1019 2112 1150 2186 repellat
1167 2120 1326 2171 amatores

246 2251 250 2257 .
282 2192 374 2253 tuos.
416 2182 522 2272 Qroo
543 2202 683 2271 Quroarr
708 2204 837 2273 ruem]
873 2194 1025 2273 Qunam
1047 2188 1141 2253 reete.
1184 2187 1274 2253 Nam
1295 2204 1328 2253 et

282 2272 461 2357 figuratum
479 2288 510 2337 et
528 2290 639 2355 aptum
658 2274 831 2340 sententiae
848 2274 890 2338 eil
909 2324 919 2357 ,
954 2290 984 2339 et
1003 2270 1327 2354 contemptum-indi·

282 2358 336 2419 cat
354 2357 416 2419 hoc
435 2359 575 2443 verbum.

326 2457 378 2523 31.
404 2439 474 2506 Um
497 2455 683 2505 motarum
704 2458 775 2505 uorr
796 2451 905 2521 aare]
940 2441 995 2504 Ad
1018 2436 1177 2521 superiora
1193 2436 1324 2511 retulit.

281 2524 372 2603 'quo'd
389 2540 477 2589 nune
492 2522 584 2587 dicit:
609 2522 739 2587 Scilicet
756 2527 794 2590 ad
809 2524 898 2587 Nou
921 2539 984 2601 sim
1000 2526 1073 2587 soit
1095 2538 1269 2585 eostur-ar
1286 2538 1329 2585 ra

278 2604 420 2677 iturus,
444 2625 486 2671 tr
505 2624 567 2669 sua
588 2624 699 2671 causa
718 2624 866 2671 arctum
886 2612 1083 2669 cantaros:
1112 2618 1223 2685 NEQUE
1240 2621 1322 2669 ruc-

285 2705 352 2751 mts
374 2706 536 2772 Narrat,
562 2690 622 2755 occ.
671 2690 744 2756 Uri
766 2707 956 2755 uotesruur
976 2706 1046 2753 riou
1069 2704 1173 2757 eurr,
1203 2704 1258 2751 uer
1279 2706 1326 2751 ru

280 2766 397 2843 lotus.
442 2774 527 2855 Ad,
563 2772 693 2855 Neque
724 2792 791 2839 rrar
816 2792 972 2839 ousrar:
1005 2772 1074 2838 Uer
1105 2786 1234 2835 TEMPUS
1255 2789 1326 2835 rior

280 2868 375 2924 amr.
418 2856 462 2921 Et
490 2861 569 2921 mire
587 2875 724 2939 occupat
747 2861 892 2925 animum
908 2858 1108 2925 meretricis,
1139 2876 1217 2919 cum
1235 2858 1327 2921 illam

283 2938 381 3019 hujus
401 2940 541 3022 impulsu
567 2938 688 3006 in'ducit
705 2942 829 3021 facere,
859 2940 1011 3026 quidquid
1032 2941 1109 3004 dure
1129 2937 1202 3003 fecit
1220 2945 1330 3004 exclu-

283 3021 392 3087 dendo
413 3022 610 3091 Phaedriam.
657 3023 720 3089 Hic
740 3027 834 3110 igitur
855 3025 909 3111 qui
927 3025 985 3087 scit
999 3036 1163 3107 praecepta
1178 3022 1216 3085 de
1233 3026 1327 3087 bene·

281 3104 364 3169 ficiis
393 3106 613 3187 aestimandis,
645 3108 793 3194 intelligit
811 3106 950 3171 oratorie
969 3109 1000 3173 in
1021 3122 1188 3185 utramque
1205 3122 1327 3189 partem

283 3186 371 3253 diela
397 3190 516 3256 omnia·
564 3190 693 3255 varum
717 3202 1007 3271 natumnatum]
1045 3190 1171 3255 Utrum
1186 3193 1242 3256 tibi
1258 3210 1328 3254 mo-

279 3272 417 3352 lestum,
442 3294 484 3339 an
503 3275 590 3341 aliis?
621 3272 674 3337 sed
693 3276 781 3345 aliis,
804 3276 878 3356 quia
891 3274 1037 3339 illaturus
1057 3275 1119 3339 est:

322 3372 374 3439 32.
401 3356 472 3423 Uar
503 3373 632 3422 relatus
650 3374 722 3423 rim
737 3369 846 3438 eurr]
881 3355 963 3422 Non
981 3357 1124 3423 amatori.
1165 3358 1206 3423 Et
1226 3360 1276 3423 uli
1291 3372 1328 3421 tu

278 3442 359 3503 voles
380 3464 392 3504 .·
421 3460 489 3505 non
507 3456 542 3505 ut
562 3461 651 3505 nunc
670 3444 702 3507 in
722 3442 822 3506 milite
846 3444 971 3525 pateris.
1017 3430 1090 3509 Uar
1109 3456 1237 3507 temtus
1260 3454 1330 3503 rrrr

274 3536 378 3603 eurr,
410 3540 471 3587 sar
492 3540 619 3608 traam,
650 3542 680 3587 s1
696 3541 771 3588 rum
792 3526 1006 3610 arciatrum]
1042 3528 1101 3590 His
1119 3525 1208 3590 dietis
1226 3520 1324 3586 etmi³

279 3604 374 3671 litem
397 3609 512 3690 repulit
539 3611 578 3672 ab
604 3607 714 3678 animo
731 3610 925 3690 meretricis,
948 3625 979 3672 et
996 3608 1234 3695 commendavit
1251 3606 1328 3667 ado-

278 3687 472 3755 lescentem:
488 3706 526 3755 'et
545 3691 699 3773 perfecit,
724 3712 764 3756 ne
776 3692 1043 3775 injuriavideatur
1054 3692 1137 3775 apud
1146 3688 1329 3757 Thaidem»

278 3774 370 3857 quod
388 3773 502 3855 sponte
521 3774 688 3859 susceperit
707 3774 903 3843 Phaedriam.¹
1272 3822 1277 3828 -

323 3874 375 3941 33.
405 3856 571 3921 Artatur
601 3874 733 3924 sarvuu
764 3874 859 3924 nuuc
881 3874 955 3923 essa
976 3872 1107 3923 porum
1123 3852 1329 3937 =nurture]

276 3934 450 4003 Tristiores
467 3942 553 4005 enim
569 3942 642 4009 sunt
659 3943 749 4013 servi,
758 3964 955 4029 pauperum,
978 3958 1010 4005 et
1028 3946 1071 4005 ob
1087 3936 1261 4019 hocipsurz

277 4023 422 4119 quiores.
467 4020 718 4092 Etboemelius
739 4044 824 4093 erat:
855 4024 1000 4113 quamvis
1024 4022 1108 4089 illud
1125 4017 1193 4099 nlit'
1280 4093 1284 4100 ,
1321 4013 1386 4082 δ

279 4109 357 4171 tuus
380 4118 526 4189 exponat.
569 4104 899 4253 Doumrmgpatts
919 4093 1215 4211 mtfftlffii,j...s

813 4210 828 4251 t
846 4205 865 4247 Ι
