3392 5142
447 631 670 706 Acras
709 626 758 701 V.
792 625 1098 703 SctnnV.
1222 651 1287 731 541

275 753 396 861 Quae
413 746 542 828 fnmra·
572 740 748 853 exempla
770 739 907 823 dicunt
936 746 977 824 in
1008 768 1097 826 eum
1125 745 1292 861 indigna.

415 856 493 939 Pa·
524 858 563 938 0
581 851 775 968 juppiter!
1419 950 1421 955 Ι

277 975 403 1088 Quae-
412 969 526 1052 illaec
545 966 659 1049 turba
672 964 747 1049 ’st?
775 980 962 1048 numnam
977 973 1185 1081 egoperii?
1212 974 1292 1055 adi.

273 1116 278 1129 ·
413 1082 479 1165 bo·
508 1077 740 1187 quidistuc,
772 1077 960 1191 Pythia‘s?
1383 1084 1385 1089 ’

274 1197 389 1311 Quid
402 1191 489 1328 aie?
516 1198 565 1274 in
584 1217 702 1323 quent
721 1188 900 1362 exennpla
915 1190 1049 1278 fient?
1104 1188 1183 1299 Py.
1210 1198 1295 1277 Ro·

278 1301 808 1525 perdiffiasihuaffiacrltlslrnne
816 1371 983 1499 'adduxti
1004 1438 1076 1530 pto
1101 1406 1296 1500 Eunucho

420 1527 749 1633 adolescentulum
768 1592 778 1623 ,
1135 1567 1137 1570 ·

279 1653 388 1728 Dum
408 1642 536 1727 studes
556 1641 646 1724 dare
667 1640 785 1727 verba
799 1638 926 1725 nobis.
981 1639 1062 1726 Pa.
1091 1641 1300 1755 Qidita?

419 1779 486 1837 aut
501 1756 597 1867 quid
611 1755 757 1837 saetam
772 1751 838 1835 'st?
864 1755 976 1839 cedo.
1220 1752 1299 1882 Py.

547 1902 1046 1971 DONATUS.

281 2011 365 2093 quafi
385 2008 492 2071 secum
507 2009 647 2093 loquitur
665 2028 675 2075 r
704 2023 735 2072 et
751 2007 839 2094 fingit
856 2009 888 2072 se
906 2007 1050 2088 nescite,
1079 2007 1166 2094 qnod
1190 2008 1298 2072 afliiiat
1322 2040 1325 2045 ·

284 2093 451 2156 Parmeno.
506 2111 541 2172 4.
570 2091 671 2170 Quae
691 2106 825 2156 nutura
846 2106 999 2154 arentin
1020 2106 1150 2153 meunr
1171 2104 1209 2152 [Ν
1227 2105 1299 2152 mat

283 2175 470 2258 rtemann]
498 2173 619 2238 Graves
640 2193 778 2257 poenae,
810 2193 891 2256 quae
907 2173 1034 2254 poffnnt
1051 2172 1180 2235 caeteris
1196 2173 1298 2236 docu-

283 2273 393 2322 mento
403 2253 645 2335 effe,exnnrrn
662 2258 818 2320 dicuntur.
864 2256 902 2318 ln
923 2272 992 2318 run
1007 2252 1196 2339 murena]
1221 2253 1303 2318 Mo·

284 2341 582 2422 denarrarem,
604 2339 717 2408 foeda,
738 2339 937 2422 crudeliaque
951 2335 1111 2423 fignificat.
1134 2335 1186 2401 Ut
1198 2337 1301 2422 Virgii.

529 2439 622 2511 atque·
633 2422 677 2487 iili
693 2421 859 2504 Miftenum
876 2425 907 2484 in
922 2421 1017 2484 littore
1025 2418 1120 2500 steca,

406 2504 448 2569 Ut
467 2527 592 2586 venere,
614 2504 714 2568 vident
732 2506 851 2588 indigm
867 2519 958 2565 morte
971 2518 1165 2590 peremptum.

326 2606 355 2667 5.
378 2589 478 2664 Quen
501 2602 590 2650 rrttc
613 2601 727 2650 Turne
748 2584 836 2666 ’sr?]
859 2587 950 2666 Qrae
966 2586 1125 2667 loquitur:
1147 2600 1306 2672 autquam

286 2669 418 2734 ostentat
436 2687 473 2731 ex
489 2673 582 2733 vultu
601 2688 637 2732 ac
654 2667 752 2733 dieiis.
798 2669 858 2733 Sed
875 2682 1017 2749 apparet,
1040 2673 1167 2733 vultum
1177 2668 1307 2752 Pythiae

285 2757 402 2818 turbam
420 2752 533 2815 dicere.
579 2751 630 2816 Ut
645 2748 679 2818 in
693 2751 833 2821 Andria,
863 2754 922 2815 Sed
934 2751 1007 2840 quid
1020 2749 1211 2838 Pamphilum
1228 2776 1303 2817 exa·

284 2838 429 2898 »imarum
445 2833 549 2896 video?
594 2833 848 2921 Vereorquidfiet.
893 2835 1033 2915 Ocriar,
1056 2835 1193 2917 utfiiam
1209 2859 1308 2905 nunc,

287 2919 425 3006 quidnam
444 2914 514 2976 haec
529 2918 615 2979 turba
632 2914 705 2977 mihi
721 2917 856 2997 tristitiae
882 2939 900 2981 a
918 2918 1004 2990 ferat.
1068 2916 1099 2978 6.
1121 2913 1279 2981 Romus
1298 2965 1310 2999 ‚

283 2996 558 3081 nunacrsstnr?]
582 2994 709 3061 Totum
728 2998 789 3060 hoc
807 2997 941 3063 terribile
958 2997 999 3060 est
1017 2999 1049 3064 in
1067 2997 1152 3082 gestu
1169 3018 1206 3063 ac
1215 3004 1311 3064 vultu

287 3081 436 3162 Pythiae,
459 3093 489 3140 et
505 3077 597 3144 nimis
615 3080 763 3145 usrtatum
779 3094 810 3143 et
825 3079 1007 3144 femineum.
1052 3095 1080 3158 7.
1106 3079 1311 3145 Pannmrs'rt

283 3178 408 3233 mun,
439 3176 534 3239 Quen
563 3173 749 3242 annum]
781 3159 961 3227 Artificiose
977 3181 1044 3226 non
1066 3162 1210 3243 accusat,
1233 3164 1311 3247 quid

286 3242 459 3329 peccaverit
478 3243 623 3308 adversus
640 3243 816 3314 Thaidem,
839 3246 923 3325 quafi
947 3260 983 3307 ex
1002 3263 1104 3326 poena
1123 3245 1307 3313 adolescen-

283 3335 323 3394 tis
340 3335 410 3411 pius
421 3328 547 3406 doleat,
569 3348 664 3408 quam
681 3327 826 3392 irascatur
839 3326 1040 3393 Parmenoni.
1082 3323 1113 3390 8.
1138 3324 1310 3393 Durtsru·

290 3430 347 3474 nas
373 3426 465 3474 nana
486 3426 593 3475 venna
615 3412 741 3495 notra]
765 3410 877 3490 Bene,
911 3412 1037 3474 srunrs
1057 3425 1169 3475 narr:
1203 3431 1307 3493 neque

288 3491 491 3560 enimdedisti.
533 3493 629 3578 Qun
651 3494 747 3574 uni]
773 3493 869 3583 Deest
883 3495 975 3558 dicis:
998 3508 1032 3557 ut
1049 3493 1106 3563 fit,
1126 3495 1209 3579 Quid
1215 3496 1315 3575 itadif

480 3634 1128 3704 COMMENTARIUS.

290 3756 403 3824 livius,
420 3757 443 3813 1.
461 3758 506 3814 26.
527 3753 610 3814 Unde
622 3753 729 3826 foedare
745 3755 782 3811 est
800 3755 944 3813 vulnerate
962 3770 989 3812 et
1005 3752 1133 3809 lacerare.
1175 3751 1313 3819 Plautus,'

290 3832 390 3961 Affih.
401 3834 423 3960 Il.
437 3845 471 3959 ῑΛ
469 3846 513 3901 91.
530 3830 656 3962 Ifoedant
672 3845 696 3887 et
709 3828 1060 3906 proterunthoflr'umcopias.
1098 3824 1177 3884 Adde
1187 3829 1315 3884 Servium

293 3923 309 3959 a
359 3906 431 3978 irgi.
473 3922 516 3962 en.
545 3908 566 3961 1.
588 3923 632 3979 55.
1169 3967 1172 3972 ,

329 3994 355 4045 4.
374 3981 465 4049 anrr
485 3997 606 4040 rurunn
623 4001 769 4041 nxnnetn
786 4002 905 4042 nrcrnrr
923 4003 958 4040 rn
977 3999 1039 4039 nnn
1060 3979 1220 4041 riemann]
1236 3974 1316 4049 Quia

293 4068 437 4111 maneth
451 4054 477 4112 h.
491 4052 509 4112 i.
525 4055 575 4115 srnt
583 4099 592 4127 ,
620 4059 694 4117 reite
711 4060 829 4137 explicat
845 4065 980 4116 Donatus.
1022 4060 1064 4112 Ita
1080 4053 1152 4111 infra
1167 4054 1213 4108 IV.
1229 4065 1255 4120 7.
1270 4066 1314 4112 21.

293 4129 406 4187 Phorm.
422 4130 469 4186 IV.
478 4148 506 4199 4.
520 4151 547 4203 7.
586 4131 712 4199 Plautus,
735 4134 854 4191 Mosteil.
866 4137 897 4188 V.
910 4133 988 4203 t.67.
1010 4128 1141 4207 Exempla
1157 4126 1256 4201 aedepol
1268 4127 1317 4198 fa-

294 4204 491 4277 riamegointa.
863 4246 869 4256 .
1169 4221 1210 4264 10.
1231 4202 1329 4266 Hine·
