3392 5142
435 598 756 688 AciusV.
806 600 1172 695 SdnurHL
1230 588 1300 713 is}

263 746 360 829 Sine
371 762 437 824 me
453 756 687 849 expurgem,
719 743 838 835 atque
855 719 968 805 illum
992 722 1300 815 hueeoramad-
1388 742 1391 753 “

255 894 266 913 ·
404 852 558 935 ducam.
615 838 676 922 Si.
692 833 911 927 Adducasl·
954 835 1302 957 Pa.Sine,¹pater¹.

267 966 339 1055 Ch.
370 967 557 1074 Aequum
579 949 759 1070 postulat.
794 950 843 1032 da
868 956 1038 1034 veniam.
1098 952 1178 1039 Pa.
1209 963 1303 1045 Sino

408 1072 545 1160 tehoc
563 1093 737 1151 exorem.
796 1060 855 1144 Si.
885 1063 995 1146 Sino.
1081 1068 1138 1085 ‘'
1250 1103 1304 1173 30
1438 1156 1440 1160 Α

268 1189 447 1304 Quidvis
462 1190 604 1299 cupio,
630 1180 725 1262 dum
739 1173 952 1271 nerabhoc
969 1172 1033 1259 ine
1048 1174 1131 1260 falli
1147 1206 1305 1301 compe.
1335 1183 1346 1197 '¹
1400 1172 1402 1177 ’

413 1305 515 1391 riar,
546 1294 750 1379 Chremes
1165 1360 1167 1375 .

233 1438 236 1483 ῑ
270 1414 342 1502 Ch.
372 1416 451 1495 Pro
470 1430 636 1526 peccato
656 1421 801 1518 magno
823 1399 999 1516 paullum
1018 1400 1194 1519 supplicii
1217 1406 1307 1496 saris

241 1530 245 1545 '
414 1523 599 1639 estpatri.
849 1539 852 1544 ’
1011 1612 1013 1617 ,
1065 1576 1096 1627 ·.
1177 1572 1235 1641 '.

545 1650 1222 1742 DONATltuse'l'l

315 1801 367 1867 30.
393 1783 554 1862 Aequum
579 1792 768 1845 rosruuar.
793 1785 1028 1857 unstrutam]
1058 1776 1242 1864 Arrifil'close
1261 1785 1310 1855 iu.

273 1869 412 1949 terponit
439 1874 627 1947 loquentem
645 1859 875 1925 Chremetem:
908 1878 1006 1941 quem
1022 1865 1136 1941 volens
1152 1865 1252 1950 usque
1269 1869 1309 1934 ad

274 1952 495 2034 cognitionem
514 1948 599 2011 filiae
613 1946 687 2009 suae
704 1944 859 2033 retinere,
882 1960 950 2005 non
966 1941 1043 2006 facit
1058 1942 1148 2008 irasci
1167 1949 1313 2032 Pamphi.

243 2024 248 2039 '
275 2039 312 2098 lo
327 2034 369 2094 ob
388 2040 591 2096 contemtum
607 2028 691 2092 filiae
709 2026 802 2096 suae,
824 2040 856 2089 et
876 2023 943 2107 poll
963 2026 1025 2088 hoc
1043 2027 1124 2090 abire
1139 2029 1179 2092 de
1195 2033 1312 2103 medio.

319 2113 381 2181 DA
401 2125 563 2194 renium]
587 2111 761 2189 Concede,
784 2109 924 2193 indulge.
973 2106 1056 2173 Siren
1073 2126 1116 2172 τε
1137 2114 1211 2176 iio'c
1230 2124 1315 2183 exo.

266 2192 378 2278 ‘REM.]
404 2198 440 2262 ld
460 2196 521 2277 est,
542 2212 577 2263 ut
594 2220 641 2261 me
651 2214 797 2283 purgem,
821 2211 909 2269 non,
929 2190 1083 2256 adducam.

321 2299 372 2365 31.
397 2280 450 2359 Au
472 2295 543 2363 noc
566 2294 623 2353 us,
637 2291 747 2341 narii
769 2277 1010 2360 commuta-u]
1045 2273 1079 2340 Ο
1097 2291 1225 2359 paterna
1240 2277 1306 2365 ple.—

278 2365 347 2428 tas!
371 2364 434 2447 ipse
449 2360 614 2427 accusator
634 2360 696 2441 ell,
719 2372 749 2422 et
767 2359 911 2444 redargui
930 2357 961 2421 se
979 2359 1076 2440 cupit.

320 2466 375 2594 {²3
399 2449 594 2514 proauum
618 2453 824 2523 sunrtncin]
857 2441 1037 2529 Supplicium
1053 2443 1129 2508 dicit
1147 2445 1246 2528 ipsam
1261 2469 1317 2516 ac.
1387 2528 1392 2534 ¹

276 2548 318 2595 cu
335 2547 487 2597 ationem.

486 2624 1197 2698 COMMENTA-Riusae
1321 2656 1323 2665 ·

322 2777 368 2833 29.
389 2764 464 2818 Suis
487 2776 531 2815 stu
551 2759 743 2822 nationesne]
772 2755 981 2827 Hee.V1.15.
1022 2748 1153 2830 Plautus,¹
1174 2745 1320 2841 Capt.11l'.'

284 2851 313 2906 4
331 2842 376 2909 87·
400 2832 578 2910 norprimum
594 2847 797 2912 meexpurgare
814 2829 863 2887 riht
878 2827 946 2886 voto.

249 2972 258 2991 ¹
323 2926 368 2985 30.
389 2914 521 2976 Aeonum
549 2908 729 2984 intrusum]
760 2907 840 2964 Venia
858 2905 971 2987 proprie
997 2903 1036 2962 est
1052 2903 1170 2968 facultas
1188 2911 1321 2972 veniendi
1371 2942 1373 2951 ·

281 2988 313 3044 in
330 2986 467 3065 patriam,
487 2986 580 3044 autin
597 2983 759 3066 publicum,
779 2982 892 3060 qualem
907 2982 987 3039 noxii
1004 2998 1053 3039 aut
1071 2983 1323 3049 damnatinonha·

283 3062 361 3120 b‘ent.
404 3062 525 3128 Cicero,
544 3063 619 3119 Fam.
629 3063 675 3118 VI.
698 3076 744 3115 12.
766 3058 891 3134 Diplorna
900 3055 996 3130 statim
1009 3058 1103 3131 nonest
1119 3060 1236 3135 datum,
1254 3064 1324 3143 qued

286 3135 400 3208 mirifica
414 3135 609 3212 estimprobitas
622 3137 650 3193 in
667 3132 845 3217 quibusdam,
864 3135 911 3212 qui
927 3134 1042 3210 tuliffem
1057 3137 1191 3209 acerbius,
1210 3132 1325 3202 reniam
1406 3168 1408 3172 ’

287 3213 340 3270 ribi
356 3213 434 3282 dai'i,
465 3231 544 3293 quern
563 3212 604 3269 illi
627 3211 760 3291 appellant
785 3211 881 3269 tubam
900 3209 962 3267 belli
986 3209 1082 3272 civilis.
1121 3219 1194 3275 Hinc
1230 3219 1326 3276 onitur

285 3307 340 3366 pro
357 3289 517 3348 remiffione
536 3288 724 3348 damnationis
744 3304 792 3345 aut
809 3307 937 3368 poenae,
959 3292 1190 3367 quamcontinuo
1210 3295 1324 3372 equitur

286 3363 379 3422 venia.
399 3367 566 3435 Suetonius,
589 3365 665 3424 Caes.
679 3384 703 3422 r.
726 3363 838 3421 Veniam
854 3363 1035 3439 impetravit:
1059 3367 1190 3446 Denique
1199 3387 1252 3447 pro
1263 3387 1326 3425 om·

286 3439 318 3495 ni
335 3440 510 3499 couceffione
526 3443 568 3499 rei
587 3439 754 3498 desideratae
769 3444 893 3519 ponitur.
919 3441 960 3498 nti
976 3440 1030 3499 h.l.
1051 3459 1078 3499 et
1088 3443 1162 3522 Nep.
1174 3442 1323 3513 Pausan.4.
1372 3470 1383 3521 '.

287 3513 400 3599 Qodfi
409 3526 469 3572 eam
478 3518 589 3574 veniam
593 3514 646 3591 fibi
655 3513 767 3591 dedislet.

327 3596 402 3650 Snus
421 3610 461 3650 rii
481 3599 639 3665 axonam]
658 3594 795 3652 Eun.1.2.
818 3608 883 3670 105.
924 3593 1069 3653 Heaut.V.
1090 3611 1117 3668 5.
1138 3595 1165 3652 6.
1196 3590 1328 3671 Adelph}
1436 3584 1441 3603 ‘

287 3667 323 3723 V.
345 3673 370 3729 8.
395 3682 438 3739 13.
479 3667 607 3737 Plautus,
628 3668 754 3727 Bacchid.
767 3672 799 3729 V.
821 3688 847 3726 2.
869 3678 912 3730 82.

445 3752 522 3800 Hanc
539 3744 648 3805 veniam
661 3743 712 3801 illis
728 3744 787 3820 sine
805 3760 830 3804 te
847 3763 960 3806 exorem.

288 3817 360 3875 Vult
377 3834 471 3876 autern
491 3819 651 3900 Pamphilus
671 3838 817 3883 exoratum
833 3840 960 3903 patrem,
982 3836 1011 3878 ut
1029 3817 1146 3878 adducat
1163 3818 1328 3892 Critonem3

292 3892 372 3973 quod
382 3910 439 3951 non
448 3896 521 3972 cepit
530 3899 668 3958 Donatus.

307 3977 310 3985 '
335 3986 378 4040 32.
401 3969 548 4027 l'nuunuu
568 3981 740 4042 summurn]
762 3977 865 4033 Omnis
876 3972 1011 4051 emphasis
1022 3971 1177 4031 estinvoee
1187 3986 1288 4028 narni.
1298 3991 1327 4048 q.

292 4043 321 4102 d.
332 4041 351 4101 st
360 4041 471 4123 publice
481 4046 687 4106 excusationem
697 4052 866 4129 veniamque
877 4049 985 4107 inuenit
994 4047 1066 4126 apud
1075 4043 1185 4101 Aediles
1194 4041 1330 4123 confeffio

291 4121 400 4199 peccati
409 4158 418 4188 ,
439 4117 524 4201 idque
542 4121 603 4178 sans
613 4136 768 4201 poenarum
779 4123 905 4201 adversus
916 4124 1071 4199 impudicos
1090 4116 1269 4188 credebatur,
1290 4139 1331 4177 te-

1268 4196 1330 4254 tre
