<?xml version="1.0" encoding="UTF-8"?>
<!DOCTYPE html PUBLIC "-//W3C//DTD XHTML 1.0 Transitional//EN"
    "http://www.w3.org/TR/xhtml1/DTD/xhtml1-transitional.dtd">
<html xmlns="http://www.w3.org/1999/xhtml" xml:lang="en" lang="en">
 <head>
  <title>
</title>
<meta http-equiv="Content-Type" content="text/html;charset=utf-8" />
  <meta name='ocr-system' content='tesseract 3.04.00' />
  <meta name='ocr-capabilities' content='ocr_page ocr_carea ocr_par ocr_line ocrx_word'/>
</head>
<body>
  <div class='ocr_page' id='page_1' title='image "./pterentiiafrico00teregoog/pterentiiafrico00teregoog_0626.png"; bbox 0 0 3392 5142; ppageno 0'>
   <div class='ocr_carea' id='block_1_1' title="bbox 406 580 1254 715">
    <p class='ocr_par' dir='ltr' id='par_1_1' title="bbox 406 580 1254 715">
     <span class='ocr_line' id='line_1_1' title="bbox 406 580 1254 715; baseline -0.015 -18"><span class='ocrx_word' id='word_1_1' title='bbox 406 624 478 715; x_wconf 70' lang='lat'>67&#39;2</span> <span class='ocrx_word' id='word_1_2' title='bbox 601 580 1254 690; x_wconf 67' lang='lat' dir='ltr'>Hnr&#39;oronrrnonunends.&#39;</span> 
     </span>
    </p>
   </div>
   <div class='ocr_carea' id='block_1_2' title="bbox 294 710 1434 1775">
    <p class='ocr_par' dir='ltr' id='par_1_2' title="bbox 369 710 1434 893">
     <span class='ocr_line' id='line_1_2' title="bbox 369 710 1434 823; baseline -0.004 -22"><span class='ocrx_word' id='word_1_3' title='bbox 369 794 373 801; x_wconf 90' lang='lat'>.</span> <span class='ocrx_word' id='word_1_4' title='bbox 400 729 500 801; x_wconf 80' lang='lat' dir='ltr'>Facis</span> <span class='ocrx_word' id='word_1_5' title='bbox 524 725 609 798; x_wconf 88' lang='lat' dir='ltr'>adeo</span> <span class='ocrx_word' id='word_1_6' title='bbox 634 723 776 823; x_wconf 87' lang='lat' dir='ltr'>indigne</span> <span class='ocrx_word' id='word_1_7' title='bbox 797 724 957 819; x_wconf 83' lang='lat' dir='ltr'>injuriam</span> <span class='ocrx_word' id='word_1_8' title='bbox 982 723 1060 815; x_wconf 86' lang='lat' dir='ltr'>iili,</span> <span class='ocrx_word' id='word_1_9' title='bbox 1086 725 1146 820; x_wconf 81' lang='lat' dir='ltr'>qui</span> <span class='ocrx_word' id='word_1_10' title='bbox 1169 746 1241 795; x_wconf 92' lang='lat' dir='ltr'>non</span> <span class='ocrx_word' id='word_1_11' title='bbox 1266 710 1434 798; x_wconf 86' lang='lat' dir='ltr'>abstineas</span> 
     </span>
     <span class='ocr_line' id='line_1_3' title="bbox 544 834 870 893; baseline -0.015 0"><span class='ocrx_word' id='word_1_12' title='bbox 544 844 693 893; x_wconf 88' lang='lat' dir='ltr'>manum.</span> <span class='ocrx_word' id='word_1_13' title='bbox 864 834 870 847; x_wconf 87' lang='lat'><em>·</em></span> 
     </span>
    </p>

    <p class='ocr_par' dir='ltr' id='par_1_3' title="bbox 402 913 1432 1012">
     <span class='ocr_line' id='line_1_4' title="bbox 402 913 1432 1012; baseline -0.007 -23"><span class='ocrx_word' id='word_1_14' title='bbox 402 918 500 989; x_wconf 78' lang='lat' dir='ltr'>Nam</span> <span class='ocrx_word' id='word_1_15' title='bbox 516 915 616 987; x_wconf 89' lang='lat' dir='ltr'>istaec</span> <span class='ocrx_word' id='word_1_16' title='bbox 632 915 770 1012; x_wconf 90' lang='lat' dir='ltr'>quidem</span> <span class='ocrx_word' id='word_1_17' title='bbox 787 914 996 987; x_wconf 86' lang='lat' dir='ltr'>contumelia</span> <span class='ocrx_word' id='word_1_18' title='bbox 1012 913 1072 985; x_wconf 89' lang='lat' dir='ltr'>&#39;st:</span> <span class='ocrx_word' id='word_1_19' title='bbox 1273 982 1279 1003; x_wconf 61' lang='grc'>,</span> <span class='ocrx_word' id='word_1_20' title='bbox 1411 939 1432 1011; x_wconf 90' lang='lat'>5</span> 
     </span>
    </p>

    <p class='ocr_par' dir='ltr' id='par_1_4' title="bbox 398 1008 1432 1202">
     <span class='ocr_line' id='line_1_5' title="bbox 398 1008 1432 1108; baseline -0.003 -22"><span class='ocrx_word' id='word_1_21' title='bbox 398 1013 592 1086; x_wconf 84' lang='lat' dir='ltr'><strong>Hominem</strong></span> <span class='ocrx_word' id='word_1_22' title='bbox 607 1012 758 1082; x_wconf 90' lang='lat' dir='ltr'>amicum</span> <span class='ocrx_word' id='word_1_23' title='bbox 775 1013 926 1108; x_wconf 88' lang='lat' dir='ltr'>recipere</span> <span class='ocrx_word' id='word_1_24' title='bbox 941 1008 983 1080; x_wconf 87' lang='lat' dir='ltr'>ad</span> <span class='ocrx_word' id='word_1_25' title='bbox 999 1028 1053 1101; x_wconf 88' lang='lat' dir='ltr'>te,</span> <span class='ocrx_word' id='word_1_26' title='bbox 1077 1028 1180 1107; x_wconf 88' lang='lat' dir='ltr'>atque</span> <span class='ocrx_word' id='word_1_27' title='bbox 1191 1012 1265 1106; x_wconf 87' lang='lat' dir='ltr'>ejus</span> <span class='ocrx_word' id='word_1_28' title='bbox 1279 1012 1432 1084; x_wconf 87' lang='lat' dir='ltr'>amicam</span> 
     </span>
     <span class='ocr_line' id='line_1_6' title="bbox 541 1105 739 1202; baseline 0 -26"><span class='ocrx_word' id='word_1_29' title='bbox 541 1105 739 1202; x_wconf 76' lang='lat' dir='ltr'>subegitare.</span> 
     </span>
    </p>

    <p class='ocr_par' dir='ltr' id='par_1_5' title="bbox 400 1198 1430 1370">
     <span class='ocr_line' id='line_1_7' title="bbox 400 1198 1430 1293; baseline -0.002 -17"><span class='ocrx_word' id='word_1_30' title='bbox 400 1203 470 1276; x_wconf 88' lang='lat' dir='ltr'>Vel</span> <span class='ocrx_word' id='word_1_31' title='bbox 489 1204 562 1274; x_wconf 87' lang='lat' dir='ltr'>heri</span> <span class='ocrx_word' id='word_1_32' title='bbox 576 1204 613 1272; x_wconf 91' lang='lat' dir='ltr'>in</span> <span class='ocrx_word' id='word_1_33' title='bbox 629 1201 711 1285; x_wconf 88' lang='lat' dir='ltr'>vino</span> <span class='ocrx_word' id='word_1_34' title='bbox 730 1251 742 1293; x_wconf 90' lang='lat'>‚</span> <span class='ocrx_word' id='word_1_35' title='bbox 764 1260 766 1263; x_wconf 95' lang='lat'>.</span> <span class='ocrx_word' id='word_1_36' title='bbox 790 1224 869 1286; x_wconf 92' lang='lat' dir='ltr'>uam</span> <span class='ocrx_word' id='word_1_37' title='bbox 894 1198 1116 1274; x_wconf 87' lang='lat' dir='ltr'>immodestus</span> <span class='ocrx_word' id='word_1_38' title='bbox 1137 1199 1249 1280; x_wconf 86' lang='lat' dir='ltr'>fuisti!</span> <span class='ocrx_word' id='word_1_39' title='bbox 1279 1203 1337 1293; x_wconf 87' lang='lat' dir='ltr'>Sy.</span> <span class='ocrx_word' id='word_1_40' title='bbox 1363 1203 1430 1274; x_wconf 88' lang='lat' dir='ltr'>Fa·</span> 
     </span>
     <span class='ocr_line' id='line_1_8' title="bbox 542 1288 1078 1370; baseline -0.009 0"><span class='ocrx_word' id='word_1_41' title='bbox 542 1288 650 1370; x_wconf 71' lang='lat' dir='ltr'>&amp;um</span> <span class='ocrx_word' id='word_1_42' title='bbox 675 1297 736 1368; x_wconf 80' lang='lat' dir='ltr'>Ch.</span> <span class='ocrx_word' id='word_1_43' title='bbox 801 1316 879 1369; x_wconf 88' lang='lat' dir='ltr'>uam</span> <span class='ocrx_word' id='word_1_44' title='bbox 898 1294 1078 1367; x_wconf 85' lang='lat' dir='ltr'>molestus!</span> 
     </span>
    </p>

    <p class='ocr_par' dir='ltr' id='par_1_6' title="bbox 400 1389 1429 1492">
     <span class='ocr_line' id='line_1_9' title="bbox 400 1389 1429 1492; baseline -0.002 -24"><span class='ocrx_word' id='word_1_45' title='bbox 400 1393 458 1468; x_wconf 89' lang='lat' dir='ltr'>Ut</span> <span class='ocrx_word' id='word_1_46' title='bbox 472 1393 651 1492; x_wconf 80' lang='lat' dir='ltr'>equidem,</span> <span class='ocrx_word' id='word_1_47' title='bbox 676 1390 989 1465; x_wconf 79' lang='lat' dir='ltr'>itameDiament!</span> <span class='ocrx_word' id='word_1_48' title='bbox 1015 1389 1144 1482; x_wconf 91' lang='lat' dir='ltr'>metui,</span> <span class='ocrx_word' id='word_1_49' title='bbox 1168 1390 1252 1490; x_wconf 91' lang='lat' dir='ltr'>quid</span> <span class='ocrx_word' id='word_1_50' title='bbox 1268 1391 1429 1466; x_wconf 87' lang='lat' dir='ltr'>futurum</span> 
     </span>
    </p>

    <p class='ocr_par' dir='ltr' id='par_1_7' title="bbox 294 1486 1427 1775">
     <span class='ocr_line' id='line_1_10' title="bbox 474 1486 1082 1586; baseline -0.002 -27"><span class='ocrx_word' id='word_1_51' title='bbox 474 1493 475 1497; x_wconf 71' lang='grc'>’</span> <span class='ocrx_word' id='word_1_52' title='bbox 543 1486 689 1586; x_wconf 89' lang='lat' dir='ltr'>denique</span> <span class='ocrx_word' id='word_1_53' title='bbox 702 1487 794 1559; x_wconf 83' lang='lat' dir='ltr'>effet.</span> <span class='ocrx_word' id='word_1_54' title='bbox 880 1572 882 1576; x_wconf 22' lang='lat'>¹</span> <span class='ocrx_word' id='word_1_55' title='bbox 1008 1564 1012 1572; x_wconf 21' lang='lat'><strong>⁴</strong></span> <span class='ocrx_word' id='word_1_56' title='bbox 1080 1570 1082 1575; x_wconf 65' lang='lat'>,</span> 
     </span>
     <span class='ocr_line' id='line_1_11' title="bbox 294 1580 1427 1681; baseline 0.002 -24"><span class='ocrx_word' id='word_1_57' title='bbox 294 1594 297 1601; x_wconf 87' lang='lat'>&#39;</span> <span class='ocrx_word' id='word_1_58' title='bbox 404 1586 505 1658; x_wconf 90' lang='lat' dir='ltr'>Novi</span> <span class='ocrx_word' id='word_1_59' title='bbox 528 1607 596 1677; x_wconf 87' lang='lat' dir='ltr'>ego</span> <span class='ocrx_word' id='word_1_60' title='bbox 620 1585 809 1655; x_wconf 86' lang='lat' dir='ltr'>amantium</span> <span class='ocrx_word' id='word_1_61' title='bbox 832 1582 984 1655; x_wconf 89' lang='lat' dir='ltr'>animum</span> <span class='ocrx_word' id='word_1_62' title='bbox 1003 1599 1013 1654; x_wconf 72' lang='grc' dir='ltr'>τ’</span> <span class='ocrx_word' id='word_1_63' title='bbox 1045 1580 1227 1656; x_wconf 82' lang='lat' dir='ltr'>advertunt</span> <span class='ocrx_word' id='word_1_64' title='bbox 1250 1587 1427 1681; x_wconf 85' lang='lat' dir='ltr'>graviter,</span> 
     </span>
     <span class='ocr_line' id='line_1_12' title="bbox 544 1677 1267 1775; baseline -0.003 -26"><span class='ocrx_word' id='word_1_65' title='bbox 544 1702 629 1775; x_wconf 89' lang='lat' dir='ltr'>quae</span> <span class='ocrx_word' id='word_1_66' title='bbox 644 1702 715 1750; x_wconf 90' lang='lat' dir='ltr'>non</span> <span class='ocrx_word' id='word_1_67' title='bbox 731 1677 871 1750; x_wconf 87' lang='lat' dir='ltr'>censeas.</span> <span class='ocrx_word' id='word_1_68' title='bbox 951 1695 953 1698; x_wconf 85' lang='grc'><strong><em>·</em></strong></span> <span class='ocrx_word' id='word_1_69' title='bbox 1265 1731 1267 1734; x_wconf 45' lang='lat'>&gt;</span> 
     </span>
    </p>
   </div>
   <div class='ocr_carea' id='block_1_3' title="bbox 401 1782 1427 1953">
    <p class='ocr_par' dir='ltr' id='par_1_8' title="bbox 401 1782 1427 1953">
     <span class='ocr_line' id='line_1_13' title="bbox 631 1782 1201 1853; baseline -0.005 -2"><span class='ocrx_word' id='word_1_70' title='bbox 631 1782 1201 1853; x_wconf 86' lang='lat' dir='ltr'>CALPHURNIUS.</span> 
     </span>
     <span class='ocr_line' id='line_1_14' title="bbox 401 1868 1427 1953; baseline -0.002 -19"><span class='ocrx_word' id='word_1_71' title='bbox 401 1870 489 1934; x_wconf 86' lang='lat' dir='ltr'>enim</span> <span class='ocrx_word' id='word_1_72' title='bbox 505 1871 620 1950; x_wconf 87' lang='lat' dir='ltr'>Syrus,</span> <span class='ocrx_word' id='word_1_73' title='bbox 644 1889 683 1931; x_wconf 88' lang='lat' dir='ltr'>ne</span> <span class='ocrx_word' id='word_1_74' title='bbox 706 1872 749 1932; x_wconf 89' lang='lat' dir='ltr'>ob</span> <span class='ocrx_word' id='word_1_75' title='bbox 771 1872 832 1934; x_wconf 86' lang='lat' dir='ltr'>hoc</span> <span class='ocrx_word' id='word_1_76' title='bbox 854 1870 978 1934; x_wconf 84' lang='lat' dir='ltr'>fallacia</span> <span class='ocrx_word' id='word_1_77' title='bbox 996 1870 1064 1950; x_wconf 86' lang='lat' dir='ltr'>ejus</span> <span class='ocrx_word' id='word_1_78' title='bbox 1090 1868 1296 1953; x_wconf 81' lang='lat' dir='ltr'>detegeretur.</span> <span class='ocrx_word' id='word_1_79' title='bbox 1346 1868 1427 1936; x_wconf 80' lang='lat' dir='ltr'>Mr-</span> 
     </span>
    </p>
   </div>
   <div class='ocr_carea' id='block_1_4' title="bbox 294 1945 1425 2037">
    <p class='ocr_par' dir='ltr' id='par_1_9' title="bbox 294 1945 1425 2037">
     <span class='ocr_line' id='line_1_15' title="bbox 294 1945 1425 2037; baseline 0.001 -20"><span class='ocrx_word' id='word_1_80' title='bbox 294 1973 301 1997; x_wconf 84' lang='lat'>··</span> <span class='ocrx_word' id='word_1_81' title='bbox 404 1945 488 2036; x_wconf 67' lang='grc' dir='ltr'>κὲέ]</span> <span class='ocrx_word' id='word_1_82' title='bbox 511 1951 610 2016; x_wconf 89' lang='lat' dir='ltr'>More</span> <span class='ocrx_word' id='word_1_83' title='bbox 635 1952 794 2020; x_wconf 77' lang='lat' dir='ltr'>fitiorum,</span> <span class='ocrx_word' id='word_1_84' title='bbox 818 1954 905 2037; x_wconf 88' lang='lat' dir='ltr'>quod</span> <span class='ocrx_word' id='word_1_85' title='bbox 928 1952 1156 2020; x_wconf 82' lang='lat' dir='ltr'>commiserats</span> <span class='ocrx_word' id='word_1_86' title='bbox 1179 1947 1257 2032; x_wconf 87' lang='lat' dir='ltr'>patri</span> <span class='ocrx_word' id='word_1_87' title='bbox 1277 1953 1425 2018; x_wconf 74' lang='lat' dir='ltr'>audaster</span> 
     </span>
    </p>
   </div>
   <div class='ocr_carea' id='block_1_5' title="bbox 381 2033 1430 2782">
    <p class='ocr_par' dir='ltr' id='par_1_10' title="bbox 381 2033 1430 2782">
     <span class='ocr_line' id='line_1_16' title="bbox 403 2033 1426 2122; baseline -0.002 -22"><span class='ocrx_word' id='word_1_88' title='bbox 403 2052 506 2122; x_wconf 86' lang='lat' dir='ltr'>negat.</span> <span class='ocrx_word' id='word_1_89' title='bbox 572 2033 719 2098; x_wconf 82' lang='lat' dir='ltr'>*Hrscn</span> <span class='ocrx_word' id='word_1_90' title='bbox 750 2046 907 2116; x_wconf 73' lang='lat' dir='ltr'>oenum]</span> <span class='ocrx_word' id='word_1_91' title='bbox 941 2037 1079 2098; x_wconf 71' lang='grc' dir='ltr'>Δεικτικῢς</span> <span class='ocrx_word' id='word_1_92' title='bbox 1108 2046 1138 2097; x_wconf 90' lang='lat' dir='ltr'>et</span> <span class='ocrx_word' id='word_1_93' title='bbox 1171 2052 1247 2099; x_wconf 89' lang='lat' dir='ltr'>cum</span> <span class='ocrx_word' id='word_1_94' title='bbox 1279 2036 1426 2118; x_wconf 78' lang='lat' dir='ltr'>emphasi.</span> 
     </span>
     <span class='ocr_line' id='line_1_17' title="bbox 443 2115 1424 2202; baseline 0.001 -20"><span class='ocrx_word' id='word_1_95' title='bbox 443 2140 476 2202; x_wconf 90' lang='lat'>4.</span> <span class='ocrx_word' id='word_1_96' title='bbox 500 2119 525 2182; x_wconf 87' lang='lat' dir='ltr'>F</span> <span class='ocrx_word' id='word_1_97' title='bbox 527 2134 605 2180; x_wconf 73' lang='lat' dir='ltr'>nors</span> <span class='ocrx_word' id='word_1_98' title='bbox 627 2132 720 2180; x_wconf 75' lang='lat' dir='ltr'>nono</span> <span class='ocrx_word' id='word_1_99' title='bbox 741 2131 888 2181; x_wconf 72' lang='lat' dir='ltr'>morene</span> <span class='ocrx_word' id='word_1_100' title='bbox 909 2130 1080 2201; x_wconf 79' lang='lat' dir='ltr'>mJumnn</span> <span class='ocrx_word' id='word_1_101' title='bbox 1101 2127 1203 2195; x_wconf 74' lang='lat' dir='ltr'>rnen]</span> <span class='ocrx_word' id='word_1_102' title='bbox 1232 2115 1319 2181; x_wconf 88' lang='lat' dir='ltr'>Bene</span> <span class='ocrx_word' id='word_1_103' title='bbox 1341 2135 1424 2200; x_wconf 85' lang='lat' dir='ltr'>pater</span> 
     </span>
     <span class='ocr_line' id='line_1_18' title="bbox 404 2198 1430 2287; baseline -0.001 -22"><span class='ocrx_word' id='word_1_104' title='bbox 404 2205 473 2287; x_wconf 83' lang='lat' dir='ltr'>post</span> <span class='ocrx_word' id='word_1_105' title='bbox 492 2200 766 2286; x_wconf 73' lang='lat' dir='ltr'>objurgationem,</span> <span class='ocrx_word' id='word_1_106' title='bbox 789 2201 827 2264; x_wconf 92' lang='lat' dir='ltr'>ad</span> <span class='ocrx_word' id='word_1_107' title='bbox 843 2200 1097 2277; x_wconf 80' lang='lat' dir='ltr'>admonitionem</span> <span class='ocrx_word' id='word_1_108' title='bbox 1115 2198 1231 2262; x_wconf 80' lang='lat' dir='ltr'>transit.</span> <span class='ocrx_word' id='word_1_109' title='bbox 1300 2218 1331 2282; x_wconf 85' lang='lat'>7.</span> <span class='ocrx_word' id='word_1_110' title='bbox 1361 2203 1430 2266; x_wconf 74' lang='lat' dir='ltr'>Vnt.</span> 
     </span>
     <span class='ocr_line' id='line_1_19' title="bbox 381 2281 1429 2368; baseline -0.002 -18"><span class='ocrx_word' id='word_1_111' title='bbox 381 2284 516 2365; x_wconf 60' lang='grc' dir='ltr'>πη]</span> <span class='ocrx_word' id='word_1_112' title='bbox 541 2284 656 2368; x_wconf 85' lang='lat' dir='ltr'>Ingerit</span> <span class='ocrx_word' id='word_1_113' title='bbox 675 2285 760 2345; x_wconf 83' lang='lat' dir='ltr'>alitrd</span> <span class='ocrx_word' id='word_1_114' title='bbox 778 2281 982 2347; x_wconf 72' lang='lat' dir='ltr'>malefaeinm</span> <span class='ocrx_word' id='word_1_115' title='bbox 1001 2283 1080 2345; x_wconf 89' lang='lat' dir='ltr'>inter</span> <span class='ocrx_word' id='word_1_116' title='bbox 1097 2281 1371 2365; x_wconf 84' lang='lat' dir='ltr'>admonitionem,</span> <span class='ocrx_word' id='word_1_117' title='bbox 1394 2299 1429 2348; x_wconf 92' lang='lat' dir='ltr'>ut</span> 
     </span>
     <span class='ocr_line' id='line_1_20' title="bbox 405 2363 1427 2447; baseline -0.002 -15"><span class='ocrx_word' id='word_1_118' title='bbox 405 2371 509 2433; x_wconf 82' lang='lat' dir='ltr'>solent</span> <span class='ocrx_word' id='word_1_119' title='bbox 528 2382 639 2446; x_wconf 87' lang='lat' dir='ltr'>patres.</span> <span class='ocrx_word' id='word_1_120' title='bbox 684 2368 701 2404; x_wconf 87' lang='grc'>*</span> <span class='ocrx_word' id='word_1_121' title='bbox 723 2363 911 2447; x_wconf 74' lang='lat' dir='ltr'>merum]</span> <span class='ocrx_word' id='word_1_122' title='bbox 935 2365 1064 2428; x_wconf 89' lang='lat' dir='ltr'>Fatetur</span> <span class='ocrx_word' id='word_1_123' title='bbox 1087 2363 1194 2428; x_wconf 88' lang='lat' dir='ltr'>servus</span> <span class='ocrx_word' id='word_1_124' title='bbox 1214 2382 1321 2444; x_wconf 78' lang='lat' dir='ltr'>‚eum</span> <span class='ocrx_word' id='word_1_125' title='bbox 1336 2365 1427 2430; x_wconf 80' lang='lat' dir='ltr'>fuiffe</span> 
     </span>
     <span class='ocr_line' id='line_1_21' title="bbox 406 2447 1425 2529; baseline -0.006 -11"><span class='ocrx_word' id='word_1_126' title='bbox 406 2449 679 2518; x_wconf 87' lang='lat' dir='ltr'>immodestumin</span> <span class='ocrx_word' id='word_1_127' title='bbox 695 2449 782 2511; x_wconf 86' lang='lat' dir='ltr'>vino.</span> <span class='ocrx_word' id='word_1_128' title='bbox 826 2447 894 2511; x_wconf 82' lang='lat' dir='ltr'>Nifi</span> <span class='ocrx_word' id='word_1_129' title='bbox 912 2450 1006 2510; x_wconf 88' lang='lat' dir='ltr'>etiam</span> <span class='ocrx_word' id='word_1_130' title='bbox 1019 2448 1157 2527; x_wconf 81' lang='lat' dir='ltr'>capiatur</span> <span class='ocrx_word' id='word_1_131' title='bbox 1166 2462 1322 2529; x_wconf 72' lang='lat' dir='ltr'>uterum,</span> <span class='ocrx_word' id='word_1_132' title='bbox 1347 2448 1425 2513; x_wconf 80' lang='lat' dir='ltr'>ficut</span> 
     </span>
     <span class='ocr_line' id='line_1_22' title="bbox 405 2526 1424 2612; baseline -0.003 -15"><span class='ocrx_word' id='word_1_133' title='bbox 405 2550 525 2610; x_wconf 71' lang='lat' dir='ltr'>nerum</span> <span class='ocrx_word' id='word_1_134' title='bbox 540 2547 616 2612; x_wconf 77' lang='lat' dir='ltr'>esr,</span> <span class='ocrx_word' id='word_1_135' title='bbox 627 2548 629 2552; x_wconf 88' lang='lat'>·</span> <span class='ocrx_word' id='word_1_136' title='bbox 642 2547 676 2595; x_wconf 90' lang='lat' dir='ltr'>ut</span> <span class='ocrx_word' id='word_1_137' title='bbox 694 2531 728 2593; x_wconf 89' lang='lat' dir='ltr'>fit</span> <span class='ocrx_word' id='word_1_138' title='bbox 748 2530 935 2612; x_wconf 87' lang='lat' dir='ltr'>desperantis</span> <span class='ocrx_word' id='word_1_139' title='bbox 951 2526 1080 2593; x_wconf 70' lang='lat' dir='ltr'>ditium.</span> <span class='ocrx_word' id='word_1_140' title='bbox 1131 2527 1161 2590; x_wconf 92' lang='lat'>8.</span> <span class='ocrx_word' id='word_1_141' title='bbox 1193 2528 1256 2594; x_wconf 83' lang='lat' dir='ltr'>Ur</span> <span class='ocrx_word' id='word_1_142' title='bbox 1269 2540 1424 2605; x_wconf 75' lang='lat' dir='ltr'>EQmDEM</span> 
     </span>
     <span class='ocr_line' id='line_1_23' title="bbox 405 2608 1423 2702; baseline -0.005 -23"><span class='ocrx_word' id='word_1_143' title='bbox 405 2618 548 2694; x_wconf 66' lang='lat' dir='ltr'>iterun]</span> <span class='ocrx_word' id='word_1_144' title='bbox 581 2616 639 2680; x_wconf 78' lang='lat' dir='ltr'>UT</span> <span class='ocrx_word' id='word_1_145' title='bbox 660 2632 716 2693; x_wconf 89' lang='lat' dir='ltr'>pro</span> <span class='ocrx_word' id='word_1_146' title='bbox 737 2630 881 2702; x_wconf 83' lang='lat' dir='ltr'>quantum</span> <span class='ocrx_word' id='word_1_147' title='bbox 903 2650 914 2683; x_wconf 79' lang='lat'>‚</span> <span class='ocrx_word' id='word_1_148' title='bbox 938 2617 992 2674; x_wconf 39' lang='lat' dir='ltr'>,vel</span> <span class='ocrx_word' id='word_1_149' title='bbox 1022 2631 1079 2692; x_wconf 87' lang='lat' dir='ltr'>pto</span> <span class='ocrx_word' id='word_1_150' title='bbox 1104 2610 1242 2699; x_wconf 82' lang='lat' dir='ltr'>qualiter.</span> <span class='ocrx_word' id='word_1_151' title='bbox 1270 2608 1423 2695; x_wconf 75' lang='lat' dir='ltr'>Vergilius.</span> 
     </span>
     <span class='ocr_line' id='line_1_24' title="bbox 405 2694 1427 2782; baseline -0.006 -16"><span class='ocrx_word' id='word_1_152' title='bbox 405 2701 450 2766; x_wconf 85' lang='lat' dir='ltr'>Ur</span> <span class='ocrx_word' id='word_1_153' title='bbox 464 2698 547 2778; x_wconf 78' lang='lat' dir='ltr'>vidi,</span> <span class='ocrx_word' id='word_1_154' title='bbox 570 2698 703 2782; x_wconf 79' lang='lat' dir='ltr'>asperii.</span> <span class='ocrx_word' id='word_1_155' title='bbox 769 2713 800 2774; x_wconf 87' lang='lat'>9.</span> <span class='ocrx_word' id='word_1_156' title='bbox 827 2695 1037 2759; x_wconf 73' lang='lat' dir='ltr'>Anvrntruttr</span> <span class='ocrx_word' id='word_1_157' title='bbox 1057 2695 1268 2779; x_wconf 72' lang='lat' dir='ltr'>omnem]</span> <span class='ocrx_word' id='word_1_158' title='bbox 1291 2694 1376 2774; x_wconf 83' lang='lat' dir='ltr'>Qria</span> <span class='ocrx_word' id='word_1_159' title='bbox 1394 2694 1427 2760; x_wconf 91' lang='lat' dir='ltr'>in</span> 
     </span>
    </p>
   </div>
   <div class='ocr_carea' id='block_1_6' title="bbox 541 2798 1266 2874">
    <p class='ocr_par' dir='ltr' id='par_1_11' title="bbox 541 2798 1266 2874">
     <span class='ocr_line' id='line_1_25' title="bbox 541 2798 1266 2874; baseline -0.003 -2"><span class='ocrx_word' id='word_1_160' title='bbox 541 2798 1266 2874; x_wconf 74' lang='lat' dir='ltr'>¹COMMENTARIUS.</span> 
     </span>
    </p>
   </div>
   <div class='ocr_carea' id='block_1_7' title="bbox 402 2892 1439 4242">
    <p class='ocr_par' dir='ltr' id='par_1_12' title="bbox 405 2892 1434 3275">
     <span class='ocr_line' id='line_1_26' title="bbox 444 2892 1428 2973; baseline -0.001 -19"><span class='ocrx_word' id='word_1_161' title='bbox 444 2911 471 2964; x_wconf 78' lang='lat'>4</span> <span class='ocrx_word' id='word_1_162' title='bbox 490 2897 562 2954; x_wconf 75' lang='lat' dir='ltr'>Non</span> <span class='ocrx_word' id='word_1_163' title='bbox 579 2911 744 2957; x_wconf 75' lang='lat' dir='ltr'>Ansrrnuts</span> <span class='ocrx_word' id='word_1_164' title='bbox 762 2901 904 2964; x_wconf 68' lang='lat' dir='ltr'>ramum]</span> <span class='ocrx_word' id='word_1_165' title='bbox 921 2895 1058 2963; x_wconf 84' lang='lat' dir='ltr'>Lucilius,</span> <span class='ocrx_word' id='word_1_166' title='bbox 1076 2893 1135 2951; x_wconf 89' lang='lat' dir='ltr'>Lib.</span> <span class='ocrx_word' id='word_1_167' title='bbox 1145 2892 1280 2951; x_wconf 82' lang='lat' dir='ltr'>xxvltt.</span> <span class='ocrx_word' id='word_1_168' title='bbox 1302 2902 1364 2966; x_wconf 81' lang='lat' dir='ltr'>Tre,</span> <span class='ocrx_word' id='word_1_169' title='bbox 1383 2897 1428 2973; x_wconf 81' lang='lat' dir='ltr'>qrsi</span> 
     </span>
     <span class='ocr_line' id='line_1_27' title="bbox 405 2967 1434 3058; baseline 0.002 -29"><span class='ocrx_word' id='word_1_170' title='bbox 405 2973 477 3030; x_wconf 80' lang='lat' dir='ltr'>irent</span> <span class='ocrx_word' id='word_1_171' title='bbox 493 2970 607 3044; x_wconf 74' lang='lat' dir='ltr'>indulges</span> <span class='ocrx_word' id='word_1_172' title='bbox 624 2968 721 3040; x_wconf 86' lang='lat' dir='ltr'>nimis,</span> <span class='ocrx_word' id='word_1_173' title='bbox 742 2988 839 3028; x_wconf 83' lang='lat' dir='ltr'>manus</span> <span class='ocrx_word' id='word_1_174' title='bbox 856 2970 991 3058; x_wconf 76' lang='lat' dir='ltr'>abstinere</span> <span class='ocrx_word' id='word_1_175' title='bbox 1005 2969 1025 3026; x_wconf 77' lang='lat' dir='ltr'>si</span> <span class='ocrx_word' id='word_1_176' title='bbox 1039 2968 1146 3055; x_wconf 71' lang='lat' dir='ltr'>muliere</span> <span class='ocrx_word' id='word_1_177' title='bbox 1165 2968 1257 3054; x_wconf 73' lang='lat' dir='ltr'>meiius</span> <span class='ocrx_word' id='word_1_178' title='bbox 1272 2967 1315 3042; x_wconf 73' lang='lat' dir='ltr'>est.</span> <span class='ocrx_word' id='word_1_179' title='bbox 1356 2972 1434 3031; x_wconf 87' lang='lat' dir='ltr'>Plau·</span> 
     </span>
     <span class='ocr_line' id='line_1_28' title="bbox 406 3043 1426 3206; baseline 0.006 -31"><span class='ocrx_word' id='word_1_180' title='bbox 406 3043 915 3190; x_wconf 61' lang='lat' dir='ltr'>‘arttrrtrrrrrtrr</span> <span class='ocrx_word' id='word_1_181' title='bbox 929 3046 1426 3206; x_wconf 57' lang='lat' dir='ltr'>montmoret...</span> 
     </span>
     <span class='ocr_line' id='line_1_29' title="bbox 407 3195 1363 3275; baseline 0.001 -21"><span class='ocrx_word' id='word_1_182' title='bbox 407 3198 533 3256; x_wconf 75' lang='lat' dir='ltr'>tret&#39;tare.</span> <span class='ocrx_word' id='word_1_183' title='bbox 570 3196 702 3266; x_wconf 83' lang='lat' dir='ltr'>Plautus,</span> <span class='ocrx_word' id='word_1_184' title='bbox 722 3195 838 3255; x_wconf 82' lang='lat' dir='ltr'>Metel.</span> <span class='ocrx_word' id='word_1_185' title='bbox 856 3215 883 3254; x_wconf 89' lang='lat'>2.</span> <span class='ocrx_word' id='word_1_186' title='bbox 899 3215 946 3271; x_wconf 86' lang='lat'>90.</span> <span class='ocrx_word' id='word_1_187' title='bbox 968 3197 1088 3275; x_wconf 73' lang='lat' dir='ltr'>scelestus</span> <span class='ocrx_word' id='word_1_188' title='bbox 1103 3197 1257 3272; x_wconf 85' lang='lat' dir='ltr'>subagrtare</span> <span class='ocrx_word' id='word_1_189' title='bbox 1277 3199 1363 3274; x_wconf 83' lang='lat' dir='ltr'>coepit.</span> 
     </span>
    </p>

    <p class='ocr_par' dir='ltr' id='par_1_13' title="bbox 408 3269 1432 3496">
     <span class='ocr_line' id='line_1_30' title="bbox 424 3269 1431 3351; baseline 0.003 -24"><span class='ocrx_word' id='word_1_190' title='bbox 424 3309 426 3315; x_wconf 86' lang='lat'><em>-</em></span> <span class='ocrx_word' id='word_1_191' title='bbox 445 3291 474 3345; x_wconf 88' lang='lat'>7.</span> <span class='ocrx_word' id='word_1_192' title='bbox 496 3270 562 3329; x_wconf 81' lang='lat' dir='ltr'>Vnt</span> <span class='ocrx_word' id='word_1_193' title='bbox 579 3281 680 3339; x_wconf 70' lang='lat' dir='ltr'>nune]</span> <span class='ocrx_word' id='word_1_194' title='bbox 705 3271 845 3351; x_wconf 87' lang='lat' dir='ltr'>Emphasrs</span> <span class='ocrx_word' id='word_1_195' title='bbox 861 3273 944 3330; x_wconf 87' lang='lat' dir='ltr'>estin</span> <span class='ocrx_word' id='word_1_196' title='bbox 960 3274 1092 3350; x_wconf 86' lang='lat' dir='ltr'>particula</span> <span class='ocrx_word' id='word_1_197' title='bbox 1110 3288 1178 3331; x_wconf 79' lang='lat' dir='ltr'>ven.</span> <span class='ocrx_word' id='word_1_198' title='bbox 1208 3269 1250 3328; x_wconf 85' lang='lat' dir='ltr'>ita</span> <span class='ocrx_word' id='word_1_199' title='bbox 1261 3275 1381 3340; x_wconf 87' lang='lat' dir='ltr'>Cicero,</span> <span class='ocrx_word' id='word_1_200' title='bbox 1396 3272 1431 3331; x_wconf 89' lang='lat' dir='ltr'>de</span> 
     </span>
     <span class='ocr_line' id='line_1_31' title="bbox 408 3345 1432 3428; baseline -0.004 -22"><span class='ocrx_word' id='word_1_201' title='bbox 408 3347 512 3417; x_wconf 83' lang='lat' dir='ltr'>literis,</span> <span class='ocrx_word' id='word_1_202' title='bbox 533 3345 650 3405; x_wconf 79' lang='lat' dir='ltr'>ramll.</span> <span class='ocrx_word' id='word_1_203' title='bbox 669 3365 711 3423; x_wconf 85' lang='lat'>13·</span> <span class='ocrx_word' id='word_1_204' title='bbox 728 3347 779 3404; x_wconf 86' lang='lat' dir='ltr'>Vel</span> <span class='ocrx_word' id='word_1_205' title='bbox 796 3366 863 3428; x_wconf 80' lang='lat' dir='ltr'>quas</span> <span class='ocrx_word' id='word_1_206' title='bbox 872 3347 989 3425; x_wconf 81' lang='lat' dir='ltr'>proxime</span> <span class='ocrx_word' id='word_1_207' title='bbox 997 3361 1160 3424; x_wconf 81' lang='lat' dir='ltr'>acceperam,</span> <span class='ocrx_word' id='word_1_208' title='bbox 1179 3366 1262 3426; x_wconf 76' lang='lat' dir='ltr'>quam</span> <span class='ocrx_word' id='word_1_209' title='bbox 1275 3348 1432 3427; x_wconf 78' lang='lat' dir='ltr'>prudentes!</span> 
     </span>
     <span class='ocr_line' id='line_1_32' title="bbox 410 3423 1247 3496; baseline 0 -15"><span class='ocrx_word' id='word_1_210' title='bbox 410 3452 412 3456; x_wconf 96' lang='lat'>·</span> <span class='ocrx_word' id='word_1_211' title='bbox 448 3423 485 3483; x_wconf 80' lang='lat' dir='ltr'>ht</span> <span class='ocrx_word' id='word_1_212' title='bbox 501 3427 605 3487; x_wconf 77' lang='lat' dir='ltr'>vino]</span> <span class='ocrx_word' id='word_1_213' title='bbox 633 3427 681 3482; x_wconf 91' lang='lat' dir='ltr'>Gr.</span> <span class='ocrx_word' id='word_1_214' title='bbox 703 3423 767 3496; x_wconf 64' lang='grc' dir='ltr'>παρ’</span> <span class='ocrx_word' id='word_1_215' title='bbox 786 3425 847 3495; x_wconf 64' lang='lat' dir='ltr'>ino.</span> <span class='ocrx_word' id='word_1_216' title='bbox 889 3426 1017 3494; x_wconf 87' lang='lat' dir='ltr'>Plautus,</span> <span class='ocrx_word' id='word_1_217' title='bbox 1038 3425 1247 3494; x_wconf 85' lang='lat' dir='ltr'>Truc.lV.4.1.</span> 
     </span>
    </p>

    <p class='ocr_par' dir='ltr' id='par_1_14' title="bbox 402 3496 1435 3806">
     <span class='ocr_line' id='line_1_33' title="bbox 561 3496 1432 3585; baseline 0.002 -31"><span class='ocrx_word' id='word_1_218' title='bbox 561 3496 647 3556; x_wconf 77' lang='lat' dir='ltr'>Blitea</span> <span class='ocrx_word' id='word_1_219' title='bbox 663 3515 688 3557; x_wconf 87' lang='lat' dir='ltr'>et</span> <span class='ocrx_word' id='word_1_220' title='bbox 705 3501 775 3558; x_wconf 83' lang='lat' dir='ltr'>lutea</span> <span class='ocrx_word' id='word_1_221' title='bbox 791 3498 824 3570; x_wconf 70' lang='lat' dir='ltr'>est</span> <span class='ocrx_word' id='word_1_222' title='bbox 848 3502 974 3575; x_wconf 76' lang='lat' dir='ltr'>meretrix</span> <span class='ocrx_word' id='word_1_223' title='bbox 993 3543 1002 3571; x_wconf 92' lang='lat'>,</span> <span class='ocrx_word' id='word_1_224' title='bbox 1029 3499 1078 3579; x_wconf 78' lang='lat' dir='ltr'>niss</span> <span class='ocrx_word' id='word_1_225' title='bbox 1095 3517 1161 3580; x_wconf 82' lang='lat' dir='ltr'>quae</span> <span class='ocrx_word' id='word_1_226' title='bbox 1170 3497 1243 3585; x_wconf 77' lang='lat' dir='ltr'>sapit</span> <span class='ocrx_word' id='word_1_227' title='bbox 1262 3503 1292 3559; x_wconf 89' lang='lat' dir='ltr'>in</span> <span class='ocrx_word' id='word_1_228' title='bbox 1309 3501 1378 3565; x_wconf 87' lang='lat' dir='ltr'>vino</span> <span class='ocrx_word' id='word_1_229' title='bbox 1396 3501 1432 3556; x_wconf 80' lang='lat' dir='ltr'>ad</span> 
     </span>
     <span class='ocr_line' id='line_1_34' title="bbox 1110 3593 1327 3633; baseline 0.005 -2"><span class='ocrx_word' id='word_1_230' title='bbox 1110 3597 1112 3599; x_wconf 58' lang='grc'><strong><em>’</em></strong></span> <span class='ocrx_word' id='word_1_231' title='bbox 1168 3593 1225 3632; x_wconf 80' lang='lat' dir='ltr'>rent</span> <span class='ocrx_word' id='word_1_232' title='bbox 1253 3595 1327 3633; x_wconf 82' lang='lat' dir='ltr'>uam.</span> 
     </span>
     <span class='ocr_line' id='line_1_35' title="bbox 408 3574 1435 3733; baseline 0 -26"><span class='ocrx_word' id='word_1_233' title='bbox 408 3649 528 3716; x_wconf 88' lang='lat' dir='ltr'>Cicero,</span> <span class='ocrx_word' id='word_1_234' title='bbox 548 3650 629 3708; x_wconf 88' lang='lat' dir='ltr'>Catil.</span> <span class='ocrx_word' id='word_1_235' title='bbox 640 3651 675 3713; x_wconf 89' lang='lat'>11.</span> <span class='ocrx_word' id='word_1_236' title='bbox 690 3671 716 3729; x_wconf 90' lang='lat'>5.</span> <span class='ocrx_word' id='word_1_237' title='bbox 736 3651 816 3733; x_wconf 55' lang='grc' dir='ltr'>φωτὶ</span> <span class='ocrx_word' id='word_1_238' title='bbox 826 3648 855 3724; x_wconf 79' lang='lat' dir='ltr'><em>fi</em></span> <span class='ocrx_word' id='word_1_239' title='bbox 870 3652 899 3709; x_wconf 88' lang='lat' dir='ltr'>in</span> <span class='ocrx_word' id='word_1_240' title='bbox 914 3652 981 3710; x_wconf 85' lang='lat' dir='ltr'>vino</span> <span class='ocrx_word' id='word_1_241' title='bbox 999 3667 1025 3709; x_wconf 89' lang='lat' dir='ltr'>et</span> <span class='ocrx_word' id='word_1_242' title='bbox 1041 3652 1101 3709; x_wconf 78' lang='lat' dir='ltr'>alea</span> <span class='ocrx_word' id='word_1_243' title='bbox 1118 3574 1300 3726; x_wconf 60' lang='lat' dir='ltr'>tomiffatdnes</span> <span class='ocrx_word' id='word_1_244' title='bbox 1310 3651 1396 3729; x_wconf 78' lang='lat' dir='ltr'>solum</span> <span class='ocrx_word' id='word_1_245' title='bbox 1411 3665 1435 3710; x_wconf 88' lang='lat' dir='ltr'>et</span> 
     </span>
     <span class='ocr_line' id='line_1_36' title="bbox 402 3725 1395 3806; baseline 0.001 -21"><span class='ocrx_word' id='word_1_246' title='bbox 402 3725 492 3806; x_wconf 73' lang='lat' dir='ltr'>scorta</span> <span class='ocrx_word' id='word_1_247' title='bbox 508 3741 668 3802; x_wconf 80' lang='lat' dir='ltr'>quaererent.</span> <span class='ocrx_word' id='word_1_248' title='bbox 708 3728 750 3787; x_wconf 86' lang='lat' dir='ltr'>Ita</span> <span class='ocrx_word' id='word_1_249' title='bbox 762 3730 818 3805; x_wconf 77' lang='lat' dir='ltr'>post</span> <span class='ocrx_word' id='word_1_250' title='bbox 828 3728 896 3786; x_wconf 82' lang='lat' dir='ltr'>vina</span> <span class='ocrx_word' id='word_1_251' title='bbox 910 3727 979 3785; x_wconf 85' lang='lat' dir='ltr'>dixit</span> <span class='ocrx_word' id='word_1_252' title='bbox 996 3732 1130 3788; x_wconf 83' lang='lat' dir='ltr'>Horatius</span> <span class='ocrx_word' id='word_1_253' title='bbox 1143 3768 1153 3796; x_wconf 88' lang='lat'><em>,</em></span> <span class='ocrx_word' id='word_1_254' title='bbox 1173 3731 1265 3787; x_wconf 84' lang='lat' dir='ltr'>Carm.</span> <span class='ocrx_word' id='word_1_255' title='bbox 1279 3729 1301 3788; x_wconf 94' lang='lat' dir='ltr'>l.</span> <span class='ocrx_word' id='word_1_256' title='bbox 1313 3737 1358 3792; x_wconf 81' lang='lat'>18.</span> <span class='ocrx_word' id='word_1_257' title='bbox 1370 3747 1395 3802; x_wconf 87' lang='lat'>5.</span> 
     </span>
    </p>

    <p class='ocr_par' dir='ltr' id='par_1_15' title="bbox 403 3800 1439 4032">
     <span class='ocr_line' id='line_1_37' title="bbox 448 3800 1437 3879; baseline -0.001 -19"><span class='ocrx_word' id='word_1_258' title='bbox 448 3806 525 3874; x_wconf 75' lang='lat' dir='ltr'>Qu</span> <span class='ocrx_word' id='word_1_259' title='bbox 544 3823 740 3864; x_wconf 77' lang='lat' dir='ltr'>inmonnsrus</span> <span class='ocrx_word' id='word_1_260' title='bbox 758 3811 891 3872; x_wconf 74' lang='lat' dir='ltr'>nursrrt]</span> <span class='ocrx_word' id='word_1_261' title='bbox 910 3800 1038 3875; x_wconf 86' lang='lat' dir='ltr'>Plautus,</span> <span class='ocrx_word' id='word_1_262' title='bbox 1059 3807 1141 3861; x_wconf 86' lang='lat' dir='ltr'>Cure.</span> <span class='ocrx_word' id='word_1_263' title='bbox 1150 3802 1170 3861; x_wconf 90' lang='lat'>1.</span> <span class='ocrx_word' id='word_1_264' title='bbox 1190 3819 1216 3879; x_wconf 86' lang='lat'>3.</span> <span class='ocrx_word' id='word_1_265' title='bbox 1227 3820 1272 3878; x_wconf 81' lang='lat'>45.</span> <span class='ocrx_word' id='word_1_266' title='bbox 1291 3809 1437 3863; x_wconf 80' lang='lat' dir='ltr'>Aurrsrn·</span> 
     </span>
     <span class='ocr_line' id='line_1_38' title="bbox 408 3876 1439 3967; baseline 0.001 -32"><span class='ocrx_word' id='word_1_267' title='bbox 408 3891 455 3935; x_wconf 87' lang='lat' dir='ltr'>tra</span> <span class='ocrx_word' id='word_1_268' title='bbox 464 3878 521 3934; x_wconf 82' lang='lat' dir='ltr'>redo</span> <span class='ocrx_word' id='word_1_269' title='bbox 529 3880 684 3937; x_wconf 86' lang='lat' dir='ltr'>modestum</span> <span class='ocrx_word' id='word_1_270' title='bbox 699 3897 854 3938; x_wconf 81' lang='lat' dir='ltr'>amatorem.</span> <span class='ocrx_word' id='word_1_271' title='bbox 893 3878 1011 3947; x_wconf 86' lang='lat' dir='ltr'>Cicero,</span> <span class='ocrx_word' id='word_1_272' title='bbox 1029 3876 1087 3938; x_wconf 86' lang='lat' dir='ltr'>Off.</span> <span class='ocrx_word' id='word_1_273' title='bbox 1099 3879 1118 3935; x_wconf 91' lang='lat' dir='ltr'>l.</span> <span class='ocrx_word' id='word_1_274' title='bbox 1135 3895 1180 3953; x_wconf 86' lang='lat'>29.</span> <span class='ocrx_word' id='word_1_275' title='bbox 1208 3879 1345 3967; x_wconf 74' lang='lat' dir='ltr'>Ipsumque</span> <span class='ocrx_word' id='word_1_276' title='bbox 1357 3897 1439 3958; x_wconf 75' lang='lat' dir='ltr'>genus</span> 
     </span>
     <span class='ocr_line' id='line_1_39' title="bbox 403 3951 1242 4032; baseline 0.005 -21"><span class='ocrx_word' id='word_1_277' title='bbox 403 3954 512 4031; x_wconf 75' lang='lat' dir='ltr'>jocandi</span> <span class='ocrx_word' id='word_1_278' title='bbox 522 3973 572 4012; x_wconf 81' lang='lat' dir='ltr'>nors</span> <span class='ocrx_word' id='word_1_279' title='bbox 579 3955 728 4032; x_wconf 63' lang='lat' dir='ltr'>profissunm</span> <span class='ocrx_word' id='word_1_280' title='bbox 751 3951 1017 4023; x_wconf 83' lang='lat' dir='ltr'>necimmodestum,</span> <span class='ocrx_word' id='word_1_281' title='bbox 1029 3953 1076 4031; x_wconf 79' lang='lat' dir='ltr'>fed</span> <span class='ocrx_word' id='word_1_282' title='bbox 1091 3955 1242 4030; x_wconf 73' lang='lat' dir='ltr'>ingenuum.</span> 
     </span>
    </p>

    <p class='ocr_par' dir='ltr' id='par_1_16' title="bbox 447 4029 1439 4108">
     <span class='ocr_line' id='line_1_40' title="bbox 447 4029 1439 4108; baseline -0.001 -17"><span class='ocrx_word' id='word_1_283' title='bbox 447 4039 473 4091; x_wconf 84' lang='lat'>8.</span> <span class='ocrx_word' id='word_1_284' title='bbox 482 4035 531 4091; x_wconf 77' lang='lat' dir='ltr'>UT</span> <span class='ocrx_word' id='word_1_285' title='bbox 542 4043 660 4099; x_wconf 73' lang='lat' dir='ltr'>isurun]</span> <span class='ocrx_word' id='word_1_286' title='bbox 683 4036 718 4091; x_wconf 88' lang='lat' dir='ltr'>H.</span> <span class='ocrx_word' id='word_1_287' title='bbox 731 4052 754 4090; x_wconf 91' lang='lat' dir='ltr'>e.</span> <span class='ocrx_word' id='word_1_288' title='bbox 765 4037 860 4108; x_wconf 82' lang='lat' dir='ltr'>Qram</span> <span class='ocrx_word' id='word_1_289' title='bbox 870 4033 966 4088; x_wconf 87' lang='lat' dir='ltr'>metui.</span> <span class='ocrx_word' id='word_1_290' title='bbox 977 4029 1018 4088; x_wconf 88' lang='lat' dir='ltr'>Ita</span> <span class='ocrx_word' id='word_1_291' title='bbox 1026 4034 1094 4091; x_wconf 86' lang='lat' dir='ltr'>Eun.</span> <span class='ocrx_word' id='word_1_292' title='bbox 1105 4031 1140 4091; x_wconf 89' lang='lat' dir='ltr'>ll.</span> <span class='ocrx_word' id='word_1_293' title='bbox 1151 4053 1176 4091; x_wconf 90' lang='lat'>2.</span> <span class='ocrx_word' id='word_1_294' title='bbox 1184 4049 1231 4106; x_wconf 80' lang='lat'>43.</span> <span class='ocrx_word' id='word_1_295' title='bbox 1240 4031 1292 4094; x_wconf 81' lang='lat' dir='ltr'>Ins.</span> <span class='ocrx_word' id='word_1_296' title='bbox 1302 4036 1350 4093; x_wconf 86' lang='lat' dir='ltr'>lv.</span> <span class='ocrx_word' id='word_1_297' title='bbox 1363 4049 1387 4090; x_wconf 82' lang='lat'>1.</span> <span class='ocrx_word' id='word_1_298' title='bbox 1396 4048 1439 4106; x_wconf 74' lang='grc' dir='ltr'>ῖς.</span> 
     </span>
    </p>

    <p class='ocr_par' dir='ltr' id='par_1_17' title="bbox 446 4105 1436 4242">
     <span class='ocr_line' id='line_1_41' title="bbox 446 4105 1436 4242; baseline 0.001 -77"><span class='ocrx_word' id='word_1_299' title='bbox 446 4124 475 4181; x_wconf 89' lang='lat'>9.</span> <span class='ocrx_word' id='word_1_300' title='bbox 492 4113 712 4179; x_wconf 68' lang='lat' dir='ltr'>normanum]</span> <span class='ocrx_word' id='word_1_301' title='bbox 739 4110 856 4190; x_wconf 88' lang='lat' dir='ltr'>Propter</span> <span class='ocrx_word' id='word_1_302' title='bbox 873 4105 1056 4186; x_wconf 82' lang='lat' dir='ltr'>suspiciones,</span> <span class='ocrx_word' id='word_1_303' title='bbox 1081 4127 1152 4189; x_wconf 83' lang='lat' dir='ltr'>quae</span> <span class='ocrx_word' id='word_1_304' title='bbox 1170 4109 1202 4169; x_wconf 93' lang='lat' dir='ltr'>in</span> <span class='ocrx_word' id='word_1_305' title='bbox 1222 4108 1436 4242; x_wconf 52' lang='lat' dir='ltr'>amoreinsgnm</span> 
     </span>
    </p>

    <p class='ocr_par' dir='ltr' id='par_1_18' title="bbox 1098 4198 1435 4239">
     <span class='ocr_line' id='line_1_42' title="bbox 1098 4198 1435 4239; baseline 0 0"><span class='ocrx_word' id='word_1_306' title='bbox 1098 4212 1102 4220; x_wconf 96' lang='lat'>·</span> <span class='ocrx_word' id='word_1_307' title='bbox 1388 4198 1435 4239; x_wconf 84' lang='lat' dir='ltr'>un.</span> 
     </span>
    </p>
   </div>
   <div class='ocr_carea' id='block_1_8' title="bbox 0 0 1700 5142">
    <p class='ocr_par' dir='ltr' id='par_1_19' title="bbox 0 0 1700 5142">
     <span class='ocr_line' id='line_1_43' title="bbox 0 0 1700 5142; baseline 0 0"><span class='ocrx_word' id='word_1_308' title='bbox 0 0 1700 5142; x_wconf 95' lang='lat' dir='ltr'> </span> 
     </span>
    </p>
   </div>
  </div>
 </body>
</html>
